2910 4756
690 299 889 360 ..22...

205 493 293 558 modo
325 487 375 567 IV,
414 496 495 559 1251
531 501 700 574 ‘crassaque
725 493 906 557 conveniant
930 493 1061 574 liquidis'
1087 497 1296 559 constructum
1321 497 1378 571 est,

205 602 256 666 ubi
282 603 329 666 oet
352 609 393 664 ‘so
417 599 619 684 coniungere?

293 709 355 773 Sub
384 708 474 771 finem
499 706 588 771 huius
611 707 793 790 paragraphi
816 727 851 771 ea
872 709 963 773 rerba
987 706 1136 792 colligere
1151 710 1259 787 liceat,
1300 728 1379 792 quae

204 817 342 884 dativum
366 813 516 879 commodi
541 814 588 879 rel
612 814 796 878 incommodi
821 818 997 883 assumunt:

293 921 509 986 concedere
543 948 585 977 =
622 921 812 985 committere
847 923 998 998 lll,960
1024 924 1378 1006 ί1111111111111111.

205 1029 331 1113 omnia).
384 1027 507 1093 Codices
539 1029 651 1092 lrebent
683 1028 829 1112 ‘magnis’
863 1030 942 1110 quod
975 1031 1053 1094 haud
1084 1032 1174 1095 dubie
1203 1033 1378 1112 corruptum

206 1139 269 1203 iam
283 1137 414 1202 Marullo
433 1136 593 1200 offensioni
610 1137 675 1200 erat
692 1137 743 1217 qui
756 1137 879 1217 scripsit
892 1137 963 1200 ‘iarn
984 1138 1072 1202 aliis!
1110 1137 1167 1203 Sed
1185 1140 1379 1203 Lachmanno

205 1263 274 1310 cum
298 1263 335 1309 ne
363 1244 422 1308 hoc
452 1242 573 1325 quidem
605 1243 855 1308 111-1111111111
880 1245 954 1308 satis
978 1247 1047 1327 apte
1072 1245 1188 1309 dicium
1213 1245 1375 1322 rideretur,

205 1354 271 1436 ipse
294 1350 422 1416 coniecit
446 1349 565 1432 ‘dignis'
589 1350 782 1414 scribendum
806 1370 880 1414 esse.
916 1350 993 1414 Mihi
1017 1353 1114 1434 magis
1130 1352 1229 1433 placet
1252 1352 1283 1415 id
1300 1353 1379 1434 quod

203 1459 388 1542 Bernaysius
402 1458 433 1521 in
446 1460 563 1522 textum
578 1458 690 1539 recepit
703 1457 832 1541 ‘gnatis’
850 1457 1028 1538 praesertim
1044 1477 1112 1522 cum
1126 1459 1157 1521 in
1172 1459 1377 1540 superioribus

205 1585 302 1632 sermo
333 1565 375 1628 sit
407 1564 448 1627 11
484 1565 607 1629 senibus
638 1564 734 1629 vitam
770 1565 1013 1646 relinquentibus
1050 1567 1101 1646 qui
1138 1569 1314 1642 monentur,
1345 1570 1380 1632 ut

203 1675 389 1740 senectutem
429 1691 524 1753 aequo
563 1672 665 1735 auimo
700 1672 797 1735 lerant
838 1673 1090 1753 committuntque
1135 1673 1215 1736 ritae
1253 1693 1379 1738 munero

205 1779 433 1866 posterioribus.
461 1779 512 1855 lv,
534 1780 733 1860 1176111111
749 1779 870 1843 mortali
884 1779 1044 1843 concedere
1057 1798 1112 1860 par
1125 1780 1189 1844 est!
1223 1783 1276 1856 IV,
1294 1782 1378 1845 1183

205 1887 356 1954 ‘humenis
372 1886 533 1951 concedere
545 1886 654 1950 rebus!
683 1888 805 1964 V,l356
824 1874 1032 1949 ‘muliebribus
1044 1886 1184 1950 manibus
1198 1887 1377 1952 concedere?

203 1999 241 2074 V,
268 1998 351 2086 1369
378 1995 486 2059 ‘locum
512 1994 673 2057 concedere
698 1993 808 2058 cultis!

212 2095 213 2098 ’
293 2100 513 2166 1111111111
536 2101 666 2175 11863
692 2100 751 2163 ‘coi
774 2099 893 2181 possint
916 2100 1109 2164 incommoda
1132 2099 1303 2164 conciliari'

293 2201 605 2274 committere:
636 2207 782 2284 tribucre,
818 2207 1026 2271 commendare
1063 2208 1106 2282 V,
1145 2207 1207 2270 779
1244 2206 1379 2270 ‘incertis

203 2318 390 2384 committere
415 2315 531 2380 ventis?
581 2317 618 2392 V,
646 2316 730 2381 1363
756 2315 871 2397 ‘stirpis
896 2314 1084 2379 committere
1107 2313 1220 2378 ramis'

293 2424 495 2507 corripere
521 2425 558 2499 V,
584 2424 647 2486 247
674 2422 757 2486 ‘illud
781 2422 813 2485 in
837 2422 884 2485 bis
907 2424 996 2485 rebus
1020 2441 1057 2484 ne
1081 2420 1258 2502 corripuisse
1285 2419 1407 2506 rearis

204 2551 253 2598 me
269 2532 363 2596 mini)
392 2532 457 2597 Vox
473 2521 612 2608 hic'satis
625 2531 984 2611 praegnanter·usurpata
997 2530 1106 2592 etcum
1121 2528 1223 2590 dativo
1236 2545 1379 2608 personae

135 2719 138 2726 ,
201 2640 363 2705 coniuncta
390 2640 452 2703 est:
488 2655 557 2701 oum
589 2637 670 2700 enim
699 2636 820 2720 proprie
852 2636 914 2699 vim
945 2635 1079 2700 celeriter
1109 2631 1378 2716 comprehendendi

204 2748 325 2824 habeat,
336 2780 338 2785 v
350 2765 420 2810 curn
444 2745 547 2809 dativo
570 2763 717 2828 personae
734 2783 775 2790 —
795 2743 937 2808 similiter
955 2763 990 2807 11
1006 2742 1064 2807 sibi
1081 2761 1231 2806 assumere
1248 2777 1292 2787 --
1309 2759 1376 2803 eam

203 2853 313 2937 accipit
336 2854 492 2919 notionem
515 2855 551 2917 ut
574 2853 617 2917 sit
640 2851 834 2917 ‘sententium
866 2851 999 2932 aliquam
1031 2851 1110 2915 lraud
1141 2850 1186 2913 ita
1210 2851 1323 2913 certam
1347 2849 1378 2910 11

203 2947 392 3047 explanatam
414 2960 577 3044 amplecti!
1319 2971 1320 2975 ’
1352 3034 1355 3039 .

207 3056 208 3060 ¹
293 3068 536 3134 consciscere
561 3070 616 3144 Ill,
642 3072 681 3134 81
709 3070 754 3131 ‘ut
777 3067 836 3131 sibi
853 3066 1075 3131 consciscerent
1091 3063 1240 3129 maerenti
1256 3065 1378 3147 pectore

203 3179 521 3348 letumcontingere
546 3263 597 3338 IV,
619 3264 800 3345 llldt‘cum
816 3262 875 3326 sibi
894 3261 964 3345 quid
983 3262 1105 3344 cupiant
1121 3263 1179 3346 ipsi
1200 3260 1376 3344 contingere

205 3372 373 3458 quaerunt!
421 3372 472 3447 VI,
498 3372 562 3436 710
588 3369 728 3452 ‘contigit
750 3369 797 3433 ei.'

312 3587 341 3656 §-
359 3586 389 3640 3.
427 3583 524 3641 Verbo
543 3598 617 3652 quae
636 3598 700 3638 cum
720 3582 772 3637 ‘in’
790 3582 1006 3652 praepositione
1025 3582 1184 3652 conposita
1203 3582 1271 3638 sunt

204 3712 357 3797 triplicem
372 3711 452 3795 apud
464 3710 639 3776 Lurcretium
653 3710 820 3775 admittunt
832 3712 1031 3775 structuram:
1057 3711 1283 3794 coniunguntur
1296 3710 1377 3775 enim

203 3822 257 3886 aut
295 3838 365 3883 oum
400 3819 624 3902 praepositione
667 3821 721 3882 aut
755 3837 823 3882 curn
861 3818 963 3883 dativo
1000 3823 1053 3882 111
1087 3837 1156 3882 curn
1192 3817 1375 3883 accusativo.

205 3927 375 3992 Discrimen
400 3928 502 3991 autem
527 3926 606 4009 quod
631 3926 791 3991 intercedit
814 3927 893 3992 inter
916 3930 1007 3992 hasce
1031 3924 1271 3989 constructiones
1295 3923 1377 3988 idem

204 4037 267 4101 lero
292 4037 348 4112 est,
377 4034 455 4116 qood
479 4034 510 4098 in
534 4035 686 4117 prooemio
710 4035 742 4099 in
766 4036 951 4115 universum,
976 4037 1073 4119 quoad
1097 4035 1161 4099 fieri
1176 4035 1305 4118 poterat,
1329 4033 1377 4096 in-

206 4143 376 4209 dicarimus
395 4144 425 4205 et
441 4142 471 4205 in
488 4142 1061 4210 11111111111111111111111111111111.
1102 4142 1262 4208 Lucretius
1279 4144 1381 4206 autern

206 4251 238 4315 in
263 4250 311 4314 bis
335 4248 433 4314 verbis
459 4250 667 4314 construendis
691 4250 792 4315 dativo
817 4269 956 4332 campum
981 4251 1056 4315 satis
1084 4252 1218 4334 amplum
1234 4252 1383 4334 longeque
