2910 4756
705 282 904 344 ..18-

218 476 304 539 :robis
329 476 435 540 adhibe
461 495 560 541 veram
585 477 621 540 ad
646 476 811 540 rationem!
860 475 939 541 Cum·
960 479 1061 544 dativo
1083 479 1241 565 gerundii:
1268 482 1307 556 11,
1327 482 1390 546 855

219 582 372 646 ‘adhibere
395 601 484 646 suurn
509 583 672 664 gignundis
696 584 784 647 rebus
809 584 949 648 odorem!

308 692 485 756 adlidere
509 694 562 768 IV,
588 694 652 758 295
678 692 715 754 ‘si
739 691 806 773 5515
830 692 912 774 prius
937 693 1022 757 arida
1044 713 1136 775 quam
1158 695 1198 759 515
1221 697 1303 758 creta
1322 712 1390 776 per-

217 819 292 863 sona
304 798 419 862 adlidat
431 799 548 882 pilaeve
561 798 697 864 trebius!
716 800 769 874 111,
782 799 847 863 568
863 799 977 864 ‘solidis
990 800 1093 864 adlisa’
1110 808 1167 878 (sc.
1180 821 1249 884 pars
1262 803 1393 883 555555.)

307 907 526 970 admiscere
556 925 623 969 555]
649 905 886 986 praepositione:
926 909 955 983 1,
987 909 1051 973 745
1085 908 1265 972 ‘admiscent
1287 909 1319 971 in
1344 926 1393 971 eo·

219 1033 285 1078 rum
316 1033 421 1096 corpus
450 1013 557 1076 inane?
622 1013 749 1077 Dativus
772 1015 818 1077 ter
850 1014 873 1089 Ι,
899 1015 983 1091 369,
1009 1016 1089 1092 382,
1116 1015 1180 1078 655
1207 1015 1338 1079 occurrit
1361 1014 1393 1077 15

218 1123 353 1186 oratione
378 1121 556 1184 ‘admixtum
580 1121 670 1184 rebus
694 1119 811 1196 inane‚'
849 1122 913 1183 tum
937 1122 982 1197 11,
1006 1122 1070 1187 467
1098 1122 1215 1186 ‘levibu'
1242 1123 1314 1185 suut
1338 1122 1394 1185 ali-

219 1228 297 1292 unde
321 1229 455 1292 admixta
479 1227 589 1290 doloris
615 1226 754 1309 corpora!
817 1227 941 1291 Duobus
965 1228 1055 1305 loeis,
1080 1230 1159 1310 quod
1183 1229 1318 1304 mireris,
1343 1228 1391 1290 ‘in’

217 1335 472 1418 praepositionem
505 1333 666 1398 admittere
699 1334 817 1398 videtur
846 1353 915 1398 cum
946 1335 1076 1400 ablativo
1101 1335 1308 1412 coniunctam,
1349 1336 1394 1399 ita

219 1446 248 1516 Ι,
279 1443 342 1508 569
373 1442 550 1506 ‘admixtum
584 1442 724 1524 quoniam
754 1442 847 1505 semel
871 1444 918 1505 est
941 1443 972 1505 15
996 1444 1085 1508 rebus
1109 1443 1224 1520 inano,'
1264 1445 1303 1519 V,
1329 1444 1393 1508 365

220 1549 431 1613 ‘admixtumst
463 1549 494 1611 iu
527 1549 614 1612 rebus
643 1548 750 1612 inane?
814 1547 871 1613 Sed
894 1550 1079 1632 praepositio
1103 1551 1152 1614 hic
1175 1569 1235 1615 non
1259 1571 1276 1614 5
1300 1550 1395 1634 signi-

220 1657 356 1720 ficatione
379 1655 506 1737 pendet,
543 1675 635 1737 quam
659 1657 784 1720 verbum
809 1657 1026 1738 compositione
1050 1658 1182 1739 accepit,
1219 1657 1271 1722 sed
1296 1656 1392 1719 oratio

224 1763 442 1827 ‘admixtumst'
468 1764 506 1828 ad
529 1763 658 1827 eundem
680 1764 740 1827 tere
757 1764 833 1828 redit
850 1782 973 1828 sensum
989 1766 1079 1845 atque
1095 1764 1203 1841 inesse,
1227 1782 1319 1844 quam
1338 1781 1393 1826 no-

220 1871 333 1934 tionem
359 1871 529 1935 accuratius
554 1875 584 1935 et
608 1870 718 1934 certius
744 1871 848 1935 definit
872 1873 902 1935 55
925 1871 1155 1937 circumscribit.
1204 1870 1392 1950 5155555555

221 1979 302 2042 notio
339 1957 514 2042 inhaerendi
549 1979 597 2040 551
633 1979 774 2041 versandi
809 1978 840 2040 15
876 1978 979 2057 511555
1011 1997 1042 2041 55
1072 1978 1261 2059 praevaleat,
1286 1977 1391 2040 eodem

88 2119 99 2141 5
220 2085 307 2148 inodo
332 2088 423 2165 atque
446 2085 520 2148 haec
545 2083 610 2165 ipsa
633 2083 723 2147 verba
747 2082 944 2147 construitur.
1004 2083 1141 2164 Denique
1165 2102 1224 2147 uno
1247 2084 1314 2147 loco
1339 2084 1391 2159 IV,

224 2194 305 2260 1239
338 2190 540 2255 ‘admiscetur
564 2190 704 2255 muliebri
728 2189 843 2254 5555155
866 2191 984 2253 semen'
1009 2191 1179 2266 ablativus,
1204 2209 1292 2271 quem
1318 2188 1392 2254 dici-

219 2317 288 2363 mus
314 2298 592 2375 instrumentalem,
632 2317 701 2362 cum
725 2316 759 2363 oo
787 2296 998 2379 coniungitur,
1028 2297 1082 2362 ubi
1106 2297 1338 2380 praepositionis
1362 2298 1392 2360 15

220 2408 309 2472 verbo
334 2407 501 2488 composito
525 2409 659 2488 potestas
683 2405 782 2470 omnis
806 2406 866 2469 1555
897 2403 1008 2468 omissa
1032 2406 1095 2482 est,
1121 2408 1152 2468 55
1176 2404 1298 2469 verbum
1323 2422 1392 2486 pro-

220 2514 286 2597 pria
309 2513 456 2595 simplicis
480 2513 565 2577 verbi
589 2514 770 2594 usurpatum
797 2514 843 2575 est
877 2511 922 2587 51,
960 2530 1035 2592 5555
1071 2514 1117 2575 555
1141 2512 1302 2594 mischar,
1327 2531 1392 2576 ver-

220 2639 348 2706 mengen
373 2620 431 2683 mit
454 2619 563 2687 etuas!

310 2728 513 2792 admovere
537 2727 587 2802 Vl,
613 2727 674 2791 901
703 2724 752 2788 ‘ad
775 2724 892 2789 lumina
915 2724 1012 2788 linum
1036 2725 1216 2791 admoveas!

311 2834 524 2900 adnectere
547 2836 603 2912 Ill,
628 2835 691 2898 691
731 2832 859 2898 ‘adnecti
883 2851 973 2916 posse
996 2833 1197 2916 putandumst
1221 2834 1395 2916 corporibus

221 2941 352 3010 nostris?

312 3048 521 3132 adportare
552 3051 588 3126 V,
623 3051 684 3115 100
716 3049 778 3113 ‘ubi
810 3047 966 3113 insolitam
998 3048 1391 3131 1·emadportesauribus.'

312 3174 500 3239 apponere
524 3157 580 3232 111,
606 3156 670 3221 373
694 3155 825 3237 ‘singula
848 3154 943 3237 privis
968 3154 1123 3236 adposita!

312 3264 540 3328 adsimulare
559 3265 598 3339 ll,
618 3265 682 3328 914
705 3262 834 3327 ‘uttotis
847 3261 1054 3326 animantibus
1067 3259 1305 3327 adsimulantur.’
1353 3265 1394 3338 11,

224 3368 1394 3446 980‘totismor·talibusadsimulata.’Vl‚189‘moatibusadsimulatanubila)

313 3478 494 3549 adsidere
517 3477 675 3542 Lucretius
706 3477 799 3542 semel
823 3496 892 3540 eum
914 3476 1134 3560 praepositione
1159 3477 1297 3560 ‘propter’
1324 3496 1396 3542 con-

224 3585 335 3670 iungit,
359 3585 390 3649 in
416 3605 474 3667 555
499 3585 699 3666 antiquiorem
722 3585 806 3648 illam
830 3584 1085 3668 significationem
1101 3584 1227 3649 localem
1245 3586 1394 3649 servavit:

225 3693 279 3770 IV,
306 3693 392 3757 1018
418 3693 541 3757 ’155555
567 3693 687 3775 propter
711 3710 871 3755 amoenum
896 3691 1029 3758 adsidet!

314 3799 511 3864 adsistere
524 3817 592 3863 cum
605 3798 840 3881 praepositione:
858 3798 913 3875 111,
928 3800 990 3864 057
1006 3808 1094 3863 ‘mors
1107 3798 1144 3863 ad
1154 3798 1395 3880 caputadstitit.'

226 3905 303 3970 0555
327 3907 445 3972 dativo:
469 3908 493 3983 l,
519 3908 582 3972 965
609 3906 729 3988 ‘quibus
753 3906 882 3970 adsistas
906 3903 1099 3990 regionibus!

315 4013 470 4078 adstare
494 4013 631 4078 dativum
649 4013 786 4079 admittit
802 4032 890 4096 quem
908 4013 1037 4077 dicimus
1054 4012 1205 4077 commodi
1222 4014 1267 4077 551
1280 4014 1397 4078 incom-

227 4120 326 4185 modi:
352 4122 408 4198 llI‚
426 4122 509 4186 1076
524 4125 615 4186 ‘certa
628 4122 750 4204 quidem
761 4122 830 4185 finis
844 4119 925 4185 51155
937 4119 1116 4186 mortalibus
1134 4121 1251 4188 adstat!
1281 4121 1395 4188 Eadem

227 4229 362 4309 potestas
386 4228 475 4293 tertio
499 4229 584 4294 55551
609 4233 655 4295 555
678 4231 708 4296 15
732 4227 903 4312 insequenti
927 4226 1036 4292 verbo:
