2910 4756
393 824 425 876 0
520 755 885 882 lrrrlellr.

672 1010 777 1017 ——-

224 1136 395 1274 Postquam
426 1191 484 1256 viri
507 1191 605 1267 docti,
637 1191 688 1272 qui
720 1189 759 1254 ad
787 1208 835 1253 res
867 1189 1093 1274 grammaticas·
1119 1190 1256 1255 studium
1281 1193 1311 1256 et

138 1297 331 1382 diligentiam
344 1299 513 1376 conferunt,
532 1299 593 1362 nisi
610 1297 733 1380 singula
745 1297 943 1379 perquirendo
957 1297 995 1361 ad
1007 1297 1177 1362 universam
1190 1298 1316 1382 linguae

138 1407 347 1490 cognitionem
363 1407 514 1491 perueniri
538 1425 598 1471 non
614 1423 702 1488 posse
719 1406 800 1469 recte
816 1407 1043 1488 perspexerunt,
1068 1406 1179 1470 nostris
1196 1408 1313 1488 tempo·

137 1513 223 1578 ribus
251 1514 351 1599 magis
383 1534 474 1597 quam
506 1515 597 1578 antea
628 1512 817 1596 singulorum
852 1512 1034 1595 scriptorum
1062 1531 1159 1598 genus
1194 1513 1312 1579 dicendi

138 1621 317 1705 diligentius
335 1622 585 1688 examinaverunt
601 1622 632 1685 et
647 1619 798 1703 persecuti
816 1622 895 1685 sunt.
942 1621 1107 1704 Praecipue
1123 1623 1224 1685 autem
1240 1621 1314 1685 haee

137 1729 241 1794 studia
264 1731 303 1795 ad
327 1748 377 1795 eos
401 1730 563 1812 scriptores
588 1727 752 1809 pertinent,
778 1727 829 1808 qui
845 1727 933 1792 nobis
957 1727 1044 1808 quasi
1067 1729 1219 1812 quandam
1235 1728 1313 1792 ima·

137 1837 240 1922 ginem
264 1840 295 1902 et
317 1839 472 1920 specimen
487 1837 633 1921 praebent
655 1837 773 1919 priscae
789 1834 972 1900 latinitatis:
998 1854 1090 1918 quare
1107 1838 1313 1901 Romanorum
1371 1833 1375 1843 '

120 1946 243 2028 'poetae
267 1945 380 2010 scenici
404 1945 559 2027 inprimis
583 1963 664 2008 nune
688 1943 847 2009 doctorum
872 1943 1005 2009 virorum
1021 1943 1145 2028 ingenia
1161 1947 1311 2012 exercent.

137 2052 195 2119 Sed
208 2053 366 2119 Lucretius
380 2072 498 2136 quoque
512 2053 544 2116 in
557 2052 614 2117 hoe
630 2069 756 2116 numero
770 2050 927 2115 habendus
942 2053 997 2127 est,
1015 2051 1066 2132 qui
1080 2070 1264 2135 quamquam
1277 2052 1314 2116 de

136 2180 238 2226 rerum
270 2163 380 2227 natura
409 2162 502 2227 libros
533 2163 659 2225 exermte
690 2162 752 2224 sere
777 2159 906 2243 septimo
932 2161 1050 2223 saeculo
1075 2180 1105 2242 p.
1129 2180 1159 2224 u.
1186 2181 1211 2227 c.
1238 2180 1310 2226 con-

136 2268 275 2353 scripsit,
309 2288 368 2351 quo
392 2271 526 2353 tempore
550 2268 705 2334 Ciceronis
730 2286 817 2350 opera
844 2267 950 2351 lingua
974 2267 1084 2330 Latina
1109 2268 1156 2331 vel
1179 2271 1310 2333 maxime

138 2377 256 2441 exculta
279 2379 310 2442 et
333 2377 371 2441 ad
395 2397 548 2442 summum
573 2378 678 2442 florem
700 2377 845 2458 perducta
868 2377 924 2451 est,
950 2377 1053 2439 tamen
1077 2378 1218 2441 ornatum
1247 2397 1311 2441 ser-

139 2502 259 2549 monem
276 2485 307 2549 vi
324 2487 354 2550 et
370 2486 551 2550 auctoritate
565 2486 749 2550 Graecorum
766 2484 797 2548 in
809 2484 999 2548 vernaculam
1014 2486 1153 2569 linguam
1166 2486 1312 2550 collatum

139 2591 169 2656 in
193 2610 283 2656 suum
307 2611 396 2658 usum
413 2612 473 2658 non
491 2593 647 2669 convertit,
678 2591 731 2657 sed
747 2594 782 2656 ut
797 2591 862 2674 ipse
879 2594 943 2655 erat
957 2595 1058 2674 prisca
1074 2593 1184 2658 uirtute
1200 2595 1231 2656 et
1246 2593 1314 2683 fide,

137 2698 183 2764 ita
215 2699 382 2764 orationem
413 2720 501 2765 suam
533 2701 571 2764 ad
604 2700 809 2783 antiquiorem
841 2710 872 2763 et
900 2702 1070 2782 graviorem
1095 2701 1198 2764 Plauti
1222 2700 1313 2764 Ennii

137 2806 249 2872 Lucilii
273 2808 474 2873 elocutionem
499 2809 685 2874 conformare
710 2808 836 2884 maluit,
868 2826 959 2888 quam
984 2808 1166 2872 Graecorum
1197 2808 1313 2874 imitari

138 2915 318 2999 exemplum.
384 2916 573 2999 Quapropter
616 2915 759 3000 permulti
800 2915 871 2979 huie
912 2918 1019 2999 poetae
1064 2916 1247 2982 illustrando
1284 2919 1314 2982 et

137 3023 322 3089 emendando
346 3043 466 3107 operam
483 3026 680 3099 navaverunt,
705 3024 874 3107 postquam
891 3023 1106 3088 Lachmannus
1122 3025 1259 3089 earmina
1274 3027 1312 3090 ad

137 3131 321 3216 optimorum
351 3133 490 3220 codicum
511 3132 600 3196 fidem
620 3131 772 3196 recensita
790 3132 882 3213 atque
907 3131 1068 3195 emendata
1086 3131 1188 3209 edidit,
1217 3133 1314 3198 omni·

136 3237 253 3322 busque
277 3239 388 3306 studiis
413 3260 488 3324 quae
512 3241 570 3304 huc
593 3241 733 3322 spectant
755 3239 876 3303 firmum
894 3238 1055 3302 constituit
1069 3239 1312 3306 fundamentum.

137 3345 278 3430 Namque
300 3350 336 3413 ut
359 3349 500 3415 omittam
524 3367 601 3432 quae
623 3351 692 3432 post
708 3347 919 3412 doctissimum
935 3348 1024 3411 illum
1041 3349 1139 3414 virum
1155 3350 1313 3415 Munroius

137 3452 167 3518 in
192 3454 323 3522 editione
346 3457 451 3522 critica
475 3461 505 3522 et
529 3456 681 3540 exegetica
696 3455 892 3539 (Cambridge
919 3456 1003 3520 1860
1027 3460 1057 3521 et
1081 3457 1193 3522 iterum
1213 3459 1312 3534 lsoo)

137 3561 175 3627 ad
206 3563 343 3648 singulos
368 3565 500 3631 Lucretii
530 3566 612 3629 locos
637 3565 809 3629 accuratius
833 3565 1029 3631 illustrandos
1053 3566 1176 3648 eiusque
1200 3586 1314 3632 sermo-

137 3689 204 3735 nem
221 3671 368 3737 subtilius
385 3672 624 3755 pernoscendum
637 3671 751 3748 attulit,
776 3671 866 3736 multi
879 3675 1000 3739 nostrae
1013 3673 1121 3738 aetatis
1133 3674 1189 3739 viri
1203 3674 1310 3740 erudit'

137 3776 174 3842 ad
190 3777 326 3862 singulas
342 3779 460 3864 generis
472 3779 592 3844 dicendi
604 3780 703 3863 partes
718 3778 855 3844 studium
868 3781 1060 3845 contulerunt
1072 3784 1101 3846 et
1112 3783 1313 3864 peculiaribus

136 3883 247 3951 libellis
265 3904 300 3952 ea
316 3905 393 3970 quae
408 3887 588 3954 invenerunt
604 3887 636 3951 in
652 3887 750 3952 lucem
768 3887 972 3971 prodiderunt,
997 3889 1080 3954 velut
1093 3889 1312 3974 Altenburgius

135 3991 186 4077 (de
199 4011 256 4058 usu
269 3993 410 4078 antiquae
422 3994 582 4060 locutionis
594 3993 626 4058 in
639 3989 772 4061 Lucretii
785 3994 918 4059 carmine
931 3995 1047 4073 obviae,
1072 3997 1190 4064 Gotbae
1206 4001 1312 4077 1857),

135 4100 267 4167 Prollius
275 4101 325 4183 (de
338 4103 443 4168 formis
452 4101 586 4186 antiquis
596 4103 796 4181 Lucretianis,
807 4101 1010 4168 Vratislaviae
1019 4105 1127 4189 1859),
1141 4109 1314 4172 Bouterwe·

134 4210 203 4276 liius
220 4211 435 4293 (Lucretianae
452 4211 643 4295 quaestiones
660 4211 877 4297 grammaticae
897 4212 927 4274 et
940 4208 1074 4292 criticae,
1099 4213 1188 4279 Halis
1205 4215 1313 4299 1861),

1098 4322 1130 4373 μ
