2910 4756
610 283 812 348 ..39-

125 493 154 566 c)
185 485 255 551 finis
284 483 437 549 indicatur
465 478 687 564 praepositione
710 477 785 543 ‘adz'
826 478 860 554 I,
885 477 949 542 355
975 474 1116 561 ‘rigidum
1139 475 1301 557 permanat

124 594 222 679 frigus
245 591 284 656 ad
307 589 395 656 essa!

212 699 438 784 persultare
461 698 491 775 I,
518 697 557 760 15
583 693 766 779 ‘persultant
790 691 909 776 pabula.
925 689 1027 755 laeta!

215 808 350 874 Verbum
382 801 620 889 pervadendi
652 818 770 884 quoque
801 798 919 864 codices
942 816 1003 863 uno
1026 798 1110 876 loco,
1145 797 1198 862 ubi
1221 799 1301 880 apud

125 914 303 980 Lucretium
325 914 449 998 legitur,
476 910 638 976 transitive
661 910 843 994 usurpatum
867 907 1023 972 exhibent:
1047 907 1072 984 1,
1099 906 1163 973 554
1187 924 1231 987 sq.
1257 906 1302 969 ‘nt

126 1023 171 1088 nil
200 1041 235 1088 ex
263 1020 325 1086 iliis
355 1040 372 1086 a
402 1020 482 1085 certo
512 1019 646 1100 tempere
673 1018 775 1100 penset
808 1017 984 1098 conceptum
1010 1032 1164 1079 summum
1189 1012 1283 1079 aetati

126 1130 288 1215 peruadere
311 1126 403 1194 finis}
446 1127 495 1192 lta
517 1126 564 1190 est
587 1124 619 1189 in
642 1143 717 1192 mss.
763 1123 822 1189 Sed
838 1122 935 1205 primo
953 1123 1062 1187 obtutu
1079 1123 1204 1204 apparet
1220 1121 1300 1187 hano

128 1236 373 1302 coniunctionem
396 1235 554 1300 verborum
577 1231 700 1298 tolerari
715 1250 774 1298 non
790 1248 890 1314 posse.
938 1229 1038 1308 Quare
1054 1228 1302 1313 Lachmannus*)

127 1362 181 1428 pro
211 1345 383 1409 ‘summum'
413 1340 537 1424 scripsit
568 1341 719 1404 ‘summa'
780 1337 839 1404 Sed
868 1337 900 1401 in
929 1338 986 1402 hae
1014 1337 1151 1402 oratione
1176 1356 1244 1402 oum
1269 1337 1301 1402 in

128 1450 237 1533 primis
269 1450 345 1516 satis
375 1450 536 1514 obscurum
565 1447 607 1512 sit
630 1447 686 1510 hoc
709 1446 810 1529 ipsum
835 1447 993 1522 ‘summass
1028 1444 1108 1527 quod
1131 1446 1303 1510 Lachman-

130 1576 188 1621 nns
211 1556 357 1633 restitnit,
383 1555 528 1638 quodque·
544 1554 610 1638 ipse
633 1553 678 1618 sic
701 1552 805 1618 definit
829 1552 980 1616 ‘universo
1004 1551 1126 1618 vivendi
1150 1555 1229 1619 eotu'
1247 1570 1303 1637 ego

130 1662 323 1729 scribendum
346 1664 420 1745 puto
444 1662 493 1727 ‘ad
517 1680 669 1726 summam
694 1659 805 1726 aotahs
828 1660 993 1744 peruadere
1015 1661 1125 1738 finem,’
1152 1662 1207 1725 aut
1223 1659 1303 1743 qnod

130 1769 293 1854 Briegerns
321 1770 479 1853 proposuit
508 1770 557 1834 ‘ed
586 1786 724 1833 summac
752 1767 863 1833 aetatis
886 1767 1047 1851 peruadere
1070 1765 1163 1844 hnis,’
1198 1785 1304 1849 quam-

130 1895 222 1958 quam
251 1877 283 1940 in
314 1878 370 1941 hoe
392 1875 568 1957 pleonasmo
592 1874 644 1957 qui
668 1873 770 1939 evadit
793 1875 820 1938 si
844 1873 1039 1958 coniungitur
1064 1874 1142 1938 ‘finis
1166 1894 1303 1940 summae

130 1984 250 2049 astatis'
284 1981 505 2066 quodammodo
535 1982 681 2048 offendor.
742 1981 930 2067 Praepositio
963 1985 1065 2046 autern
1098 1981 1146 2046 ‘ed
1160 1982 1176 2059 ,'
1212 2001 1303 2065 quam

130 2090 235 2156 emisit
258 2089 425 2168 christine,
461 2109 522 2156 non
546 2089 714 2155 omittenda
736 2092 800 2167 est,
831 2089 975 2172 quoniam
998 2089 1067 2154 finis
1091 2089 1243 2155 indicatur
1266 2091 1304 2155 ad

131 2215 220 2278 quem
253 2196 324 2278 quid
353 2197 543 2281 perducitur,
583 2197 663 2279 quod
691 2197 843 2280 perspexit
871 2197 1084 2261 Lachmannus
1115 2197 1167 2279 qni
1198 2198 1304 2264 laudat

132 2305 221 2370 Varr.
249 2305 287 2369 L.
311 2305 345 2368 L.
372 2305 440 2371 VII.
464 2323 493 2387 p.
518 2306 600 2372 300:
636 2322 727 2387 quare
751 2303 831 2386 qnod
855 2307 901 2369 est
925 2304 1064 2388 ‘peruade
1087 2303 1199 2388 polum'
1225 2306 1306 2370 valet

131 2410 217 2476 ‘vade
246 2429 299 2494 per
329 2411 453 2495 polum?
515 2411 628 2477 Nostro
658 2413 760 2477 autem
790 2413 854 2478 leco
885 2411 988 2496 inepte
1011 2412 1161 2477 diceretur
1185 2411 1305 2478 ‘radere

130 2537 183 2600 per
204 2518 314 2584 finem.'

220 2626 447 2710 pervulgare
476 2625 608 2690 neutrali
639 2644 730 2690 sensu
754 2626 913 2692 Lucretius
942 2645 1060 2710 semper
1088 2646 1157 2692 cnm
1182 2647 1306 2694 accusa·

132 2734 194 2799 tiro
227 2732 403 2817 coniungit:
441 2733 488 2809 ΙΙ,
520 2731 584 2798 164
613 2733 801 2817 ‘pervolgant
823 2733 945 2818 fulgura
968 2734 1104 2800 caelum?
1167 2735 1214 2813 ΙΙ,
1240 2737 1304 2802 346

133 2849 220 2922 ‘qnae
243 2840 420 2924 peruulgnnt
442 2857 568 2904 nemora
591 2838 679 2904 avia!
726 2841 780 2917 IV,
808 2842 871 2906 206
894 2840 978 2905 ‘solis
995 2842 1174 2926 pervolgant
1190 2844 1306 2908 lumina

132 2947 268 3016 caelum!
331 2948 399 3013 Uno
430 2949 533 3013 nutem
563 2947 649 3023 leno,
689 2946 742 3012 nbi
774 2947 906 3012 activum
931 2947 958 3012 ei
982 2947 1090 3014 tribuit
1112 2951 1303 3026 sententiam,

132 3073 202 3120 eum
236 3054 459 3140 praepositione
491 3053 665 3138 coniungit:
705 3056 743 3131 V,
775 3056 861 3121 1100
894 3062 979 3137 ‘quae
1012 3075 1105 3121 causa
1133 3055 1222 3123 deum
1253 3077 1307 3142 per·

17 3230 20 3235 ,
131 3180 261 3245 magnas
283 3162 411 3227 numina
434 3162 533 3246 gentis
557 3161 759 3247 pervolgant!

220 3289 240 3351 p
248 3268 469 3341 ¹ervolitare
491 3270 654 3336 transitive
677 3271 717 3348 11,
743 3270 805 3338 145
830 3277 965 3337 ‘nemora
986 3270 1055 3338 avia
1070 3273 1304 3356 pervolitantes,’

132 3375 212 3458 qnod
242 3376 354 3441 iterum
384 3377 514 3442 occurrit
541 3380 600 3456 VI,
624 3380 700 3445 346.
762 3379 868 3446 Altero
890 3380 956 3444 loco
981 3382 1042 3456 VI,
1068 3380 1306 3463 952041014-

132 3485 219 3566 septa
256 3483 415 3549 domorum
443 3484 612 3568 pervolitat
641 3485 826 3568 praepositio
856 3485 974 3551 adiecta
1002 3489 1059 3551 est.
1120 3487 1304 3552 Primarium

134 3589 259 3655 verbum
283 3591 456 3674 ‘pervolare'
481 3610 600 3676 semper
622 3592 851 3658 intransitivum
863 3590 954 3678 ‘apud
978 3593 1152 3658 Lucretium
1176 3598 1232 3659 est.

221 3698 444 3779 praeterire
477 3699 617 3765 omnibus
648 3701 937 3766 locis·Lucr·etianis
966 3700 1157 3766 transitivum
1189 3702 1306 3785 accepit

133 3806 334 3887 potestatem:
358 3808 399 3883 II,
425 3807 511 3872 1004
536 3807 624 3888 ‘quod
652 3825 742 3890 saepe
772 3809 913 3873 nocentes
944 3808 1108 3892 praeterit!
1155 3809 1207 3886 IV,
1239 3808 1304 3874 384

133 3929 185 3992 per
207 3913 319 3977 tmesin
344 3919 390 3977 ‘ea
405 3916 523 3994 praeter
545 3911 684 3978 creditur
701 3912 763 3980 ire.’
809 3916 846 3992 V,
871 3916 935 3982 758
952 3915 1028 3980 ‘loca
1043 3914 1201 3998 praeteriit
1217 3915 1304 3979 flam·

133 4017 192 4082 mis
209 4017 337 4086 intesta!
370 4020 496 4085 Passiva
513 4021 609 4085 forme
626 4020 707 4086 hisco
722 4021 798 4087 locis
815 4022 985 4088 exhibetur:
1010 4023 1034 4100 Ι,
1051 4022 1114 4089 468
1133 4022 1306 4104 ‘praeterita

206 4249 232 4315 i)
253 4250 399 4302 Ceterorum
424 4252 554 4304 doctorum
579 4257 688 4306 virorum
707 4257 895 4307 emendationes
913 4258 964 4308 vid.
984 4257 1087 4308 Lachm.
1108 4273 1196 4308 comm.
1216 4274 1239 4323 p.
1260 4259 1304 4308 43.
