2910 4756
622 269 819 333 ..17-

136 468 199 540 lll,
224 466 288 532 838
325 464 422 528 ‘barud
457 467 543 529 nobis
577 466 739 548 quicquam
765 463 899 526 accidere
925 462 1049 526 omnino
1074 463 1205 543 poterit'
1252 461 1309 535 111,
1408 541 1409 544 ¹

96 640 98 643 ,
124 573 202 635 ·862
228 573 293 635 ‘cui
316 572 395 636 male
419 573 518 655 possit
541 572 695 637 accidere’
743 571 796 643 lV,
820 570 884 634 879
910 569 1026 634 ‘animo
1051 572 1152 633 nostro
1176 567 1309 650 primum
1385 612 1388 617 -

138 679 301 743 simulacra
323 678 446 742 meandi
481 678 636 745 accidere!
684 680 720 753 V,
757 679 799 742 98
836 683 942 757 ‘quam
977 696 1025 740 res
1061 694 1141 741 rrova
1176 674 1312 755 miraque

138 785 235 849 menti
259 785 377 849 accidat
400 785 525 848 exitium
550 785 645 849 caeli!
704 785 769 849 Uno
804 785 868 847 loco
902 783 1078 857 Lucretius,
1110 782 1251 845 recedens
1274 781 1311 844 ab

138 892 251 956 usitato
286 910 439 967 sermone,
475 892 683 957 accusativum
712 891 784 956 huic
815 892 905 955 uerbo
937 890 1116 973 adscripsit:
1155 889 1313 970 praebetur

139 998 262 1079 quidem
297 999 398 1062 codice
433 998 581 1079 quadrato
617 999 651 1072 V,
687 999 751 1063 607
788 1000 921 1078 ‘segetes
946 998 1151 1081 stipulamque
1175 995 1312 1060 videmus

139 1105 273 1169 accidere
298 1123 332 1168 ex
356 1124 418 1170 una
442 1105 577 1169 scintilla
600 1105 739 1169 incendia
762 1105 902 1186 passim'
954 1105 1111 1188 Oblcngus
1134 1103 1311 1167 166666166-

139 1213 276 1288 cedere',
301 1213 426 1293 eiusque
450 1215 599 1277 corrector
636 1211 849 1287 ί66666666,
885 1230 962 1292 quac
997 1214 1093 1276 metro
1130 1212 1311 1294 repugnant.

139 1318 199 1383 Suo
222 1320 287 1382 iuro
311 1320 524 1383 Lachmanuus
548 1319 694 1383 traditam
718 1318 880 1383 lectionem
905 1318 1042 1382 defendit
1072 1320 1103 1382 et
1133 1318 1164 1381 16
1196 1318 1312 1381 tortum

139 1426 268 1508 recepit,
302 1426 448 1507 quoniam
483 1426 560 1490 satis
596 1426 735 1490 stabilita
769 1447 805 1490 ea
840 1426 959 1491 videtur
988 1444 1054 1490 esse
1076 1426 1143 1489 loco
1166 1425 1311 1489 Plautino

140 1532 238 1597 Stich.
264 1534 320 1599 88:
356 1534 515 1615 ‘paternae
544 1533 628 1597 uocis
662 1533 781 1597 sonitus
812 1533 893 1597 auris
918 1531 1090 1613 accidit.'*)
1136 1532 1202 1596 Nec
1226 1532 1314 1596 ualde

139 1638 374 1715 dissimileest,
399 1639 479 1721 quod
503 1639 580 1703 dicit
604 1642 707 1703 noster
730 1641 781 1715 IV,
812 1641 875 1704 566
901 1648 988 1724 ‘pars
1012 1658 1121 1704 vocum
1146 1657 1206 1703 non
1231 1638 1313 1704 auris

141 1745 257 1810 incidit
282 1747 381 1828 ipsas'
411 1745 461 1824 (de
490 1764 548 1827 quo
581 1746 649 1810 vide
672 1746 755 1811 intra
778 1767 802 1809 6.
828 1767 855 1810 v.
880 1747 1042 1824 incidere),
1068 1746 1212 1828 quoniam
1236 1746 1313 1810 ratic

139 1852 397 1934 praepositionum
434 1851 502 1915 ‘ad'
538 1854 569 1916 et
596 1854 661 1917 ‘in’
694 1854 732 1917 ad
761 1855 888 1918 eandem
920 1855 979 1918 iere
1007 1854 1085 1918 redit
1119 1855 1314 1934 potestatem.

138 1959 178 2029 ut
201 1959 232 2022 id
256 1977 373 2039 quoque
398 1960 613 2024 6661666666
637 1960 727 2037 licet,
752 1979 811 2042 quo
836 1961 950 2026 Accius
974 1962 1021 2025 bis
1045 1980 1118 2025 usus
1144 1962 1190 2024 est
1214 1967 1315 2024 ‘men-

139 2084 204 2129 sam
229 2067 419 2129 accumbere'
455 2067 534 2147 apud
569 2066 706 2131 Nonium
741 2087 771 2150 p.
808 2069 883 2143 415,
909 2070 949 2134 27
976 2072 1006 2132 66
1030 2071 1106 2144 511,
1135 2068 1185 2133 17.
1232 2065 1315 2144 Quae
1440 2058 1441 2062 ’

141 2171 278 2254 exempla
311 2173 387 2235 satis
424 2173 498 2236 mihi
531 2175 673 2238 uidentur
708 2175 905 2240 transitivum
936 2175 1093 2240 accidendi
1116 2174 1199 2240 uerbi
1224 2192 1313 2237 usum

140 2276 346 2361 comprobare,
369 2297 462 2360 quare
486 2280 586 2344 variae
611 2282 761 2346 editorum
795 2283 981 2346 mutationes
1017 2282 1141 2354 omnino
1173 2299 1315 2362 superra-

142 2403 255 2449 ceneae
279 2388 362 2454 sunt.

230 2492 371 2564 addere
395 2494 433 2570 V,
459 2497 502 2562 33
526 2503 617 2559 ‘nuuc
641 2496 745 2560 addita
770 2497 903 2579 navigiis
920 2498 1126 2562 6666666166]
1171 2498 1211 2573 V,
1231 2496 1316 2560 1305

141 2599 225 2665 ‘belli
250 2601 414 2665 terroribus
439 2601 558 2665 addidit
582 2605 731 2685 augmen!

230 2708 420 2782 6666661,
447 2710 509 2775 337
544 2709 583 2772 ‘id
622 2713 676 2792 (sc.
707 2711 908 2788 61116166)16
933 2713 1015 2774 omni
1039 2714 1174 2793 ternpore
1197 2710 1317 2774 adesset

142 2813 306 2877 omuibus’
352 2814 390 2888 V,
416 2814 501 2880 1403
526 2816 736 2900 ‘vigilantibus
760 2818 831 2881 binc
854 2819 977 2883 aderant
1001 2819 1115 2882 solacia
1138 2817 1255 2882 somni!

232 2919 407 3002 adfigere
437 2921 491 2997 IV,
522 2923 585 2989 384
616 2924 722 2988 ‘animi
751 2925 859 2989 vitium
884 2926 940 2988 boo
963 2925 1057 2988 oculis
1081 2924 1211 3006 adfigere
1235 2922 1316 2986 noli.’

141 3026 194 3104 IV,
220 3028 284 3094 389
309 3026 419 3091 ‘sidera
443 3028 583 3093 aetheriis
607 3031 704 3095 adfixa
728 3031 884 3098 caucr·nis,'
931 3032 985 3108 IV,
1013 3031 1098 3096 1130
1123 3029 1239 3113 ‘cupido
1264 3030 1317 3093 ad-

141 3133 231 3197 fixum
268 3135 322 3214 (sc.
347 3136 487 3212 uerbum)
509 3138 612 3202 cordi!
675 3139 725 3215 IV,
754 3140 839 3202 1234
864 3141 963 3203 ‘tenve
987 3138 1061 3202 locis
1086 3139 1158 3220 quia
1182 3156 1241 3201 non
1265 3155 1316 3219 po-

141 3240 182 3304 tis
207 3243 254 3303 est
276 3240 405 3325 adfigere
429 3243 615 3307 adhaesum!
663 3245 697 3322 V,
726 3246 810 3309 1320
836 3247 996 3310 ‘morsibus
1020 3245 1135 3309 adfixae
1157 3252 1213 3322 (sc.
1238 3246 1317 3320 1666)

141 3346 270 3414 validis!

231 3453 387 3520 adflare
411 3456 446 3534 V,
472 3457 535 3520 567
561 3458 702 3522 ‘calidum
728 3461 873 3524 membris
898 3459 1008 3524 adflare
1032 3458 1193 3542 vaporem?

230 3562 418 3628 adhibere
443 3582 512 3628 cum
535 3567 771 3646 praepositione:
796 3569 820 3640 Ι,
845 3569 884 3631 51
912 3576 1032 3631 ‘venenas
1057 3566 1139 3630 auris
1164 3564 1317 3629 animum-

145 3685 204 3748 que
235 3686 378 3750 sagacem
401 3706 445 3716 —
469 3671 576 3735 adhibe
600 3691 700 3736 veram
726 3674 764 3737 ad
787 3674 955 3737 rationem!
1011 3674 1061 3738 Sic
1084 3672 1197 3754 optime
1220 3672 1318 3735 Luch-

140 3793 271 3839 mannus
296 3775 435 3842 rest'tuit
457 3777 566 3856 locum,
590 3779 642 3859 qui
667 3781 697 3843 16
723 3781 877 3845 codicibus
901 3782 990 3863 plane
1006 3782 1146 3863 corrupte
1162 3779 1208 3844 ita
1224 3779 1318 3861 serip-

141 3883 193 3944 tus
217 3883 279 3946 ost:
317 3884 362 3947 ‘ut
385 3902 496 3948 uacuas
520 3885 601 3948 auris
626 3890 776 3951 sernctum
801 3908 818 3951 a
842 3889 921 3952 curis
945 3888 1032 3951 adibo
1056 3905 1159 3950 reram
1183 3887 1219 3950 ad
1244 3886 1318 3949 rati·

141 3988 250 4050 onem!
309 3989 347 4053 61.
371 3990 498 4058 Lacbm.
522 4008 632 4056 comm.
656 4012 685 4074 p.
711 3996 755 4061 20
778 4014 823 4075 sq.
884 3996 931 4069 11,
958 3996 1042 4061 1023
1068 4002 1158 4058 ‘nouo
1183 3993 1318 4058 animum

138 4288 143 4295 .
213 4237 239 4306 *)
258 4241 292 4290 61.
312 4241 391 4291 Hahn
410 4258 469 4308 pag.
490 4245 531 4293 57.
