2910 4756
620 1040 741 1128 Ἰ.

208 1259 310 1385 lerna
335 1334 403 1380 cnm
428 1322 456 1380 ‘a
480 1315 517 1381 de
539 1317 582 1380 ex'
606 1314 878 1399 praepositionibus
902 1314 1083 1397 composita,
1108 1314 1218 1398 quippe
1242 1313 1307 1396 qni·

139 1425 195 1487 bus
221 1424 294 1487 haec
316 1422 468 1507 generalis
492 1422 593 1488 subsit
616 1423 717 1500 notio,
741 1423 776 1486 ut
799 1421 971 1506 significent
994 1425 1112 1487 motum
1137 1425 1174 1488 ab
1206 1420 1308 1503 aliqua

136 1549 168 1594 re
197 1531 365 1613 profectum
397 1530 445 1595 rel
475 1529 629 1595 causative
659 1529 809 1594 actionem
841 1548 930 1612 qnae·
946 1530 1027 1594 hunc
1057 1531 1175 1595 motum
1199 1528 1304 1607 efficit,

101 1714 104 1721 .
136 1637 248 1721 triplici
271 1638 360 1704 modo
386 1637 465 1722 apud
489 1638 662 1703 Lucretium
688 1638 859 1702 constructa
894 1635 1108 1715 inveniuntur,
1152 1637 1206 1700 aut
1239 1655 1308 1701 cum

135 1744 372 1829 praepositione,
423 1749 477 1811 aut
511 1764 580 1809 cum
616 1744 764 1821 ablativo,
804 1746 858 1808 aut
891 1761 961 1808 eum
997 1742 1108 1810 cletiro.
1177 1745 1310 1827 Praepo-

66 1866 72 1897 Ι
136 1851 262 1916 sitiones
304 1853 422 1929 antem,
465 1871 541 1934 qnae
577 1871 646 1916 eum
676 1851 723 1916 his
752 1850 853 1916 uernis
888 1851 1069 1916 coniunctae
1100 1851 1307 1928 inueniuntur,

136 1960 180 2025 ita
203 1959 282 2023 inter
306 1979 337 2024 so
362 1958 521 2036 differunt,
546 1961 581 2024 ut
603 1959 787 2045 praepositio
813 1960 860 2022 ‘a'
885 1959 1064 2041 generaliter
1080 1959 1228 2044 exprimat
1243 1977 1308 2024 mo·

136 2068 212 2144 tum,
243 2085 302 2148 quo
326 2067 400 2150 quid
424 2068 461 2132 ab
485 2066 588 2150 aliquo
610 2068 676 2132 loco
692 2069 864 2132 remoretur
886 2067 932 2132 vel
957 2067 994 2131 ab
1011 2067 1308 2149 elia1·eseparatur;

139 2173 322 2257 praepositio
346 2175 447 2238 autem
473 2175 540 2239 ‘tle'
571 2174 686 2239 indicet
715 2176 833 2238 motum
861 2192 896 2236 ex
920 2173 1074 2257 superiore
1096 2174 1162 2238 loco
1186 2172 1250 2238 fieri
1273 2171 1306 2236 in

137 2281 327 2356 inforiorom3
351 2281 478 2364 denique
503 2283 567 2347 ‘ex’
601 2280 824 2366 praepositione
847 2281 948 2345 motus
972 2281 1016 2344 ita
1040 2280 1211 2345 accuratius
1236 2280 1308 2345 defi·

136 2388 251 2477 riatur,
275 2392 310 2454 ut
334 2407 369 2454 ex
392 2389 534 2456 interiore
557 2389 685 2482 alicuius
709 2389 752 2453 rei
775 2390 862 2472 parto
890 2387 996 2452 exoriri
1032 2387 1165 2466 dicatur,
1201 2405 1309 2471 quam-

136 2514 228 2578 quam
252 2497 327 2561 haec
350 2496 528 2562 discrimina
551 2517 611 2564 uon
636 2515 755 2580 semper
778 2496 881 2561 stricte
905 2497 1025 2562 servata
1049 2497 1131 2562 sunt.

226 2603 400 2670 Discrimen
425 2608 528 2670 antem
552 2605 632 2688 quod
654 2604 815 2670 intercedit
839 2603 919 2669 inter
942 2604 1084 2669 iteratam
1109 2602 1309 2689 praepositio-

138 2730 206 2774 nem
244 2713 275 2775 et
307 2711 475 2777 ablativum
514 2713 592 2778 nude
627 2712 760 2795 positum
795 2730 890 2794 paene
915 2712 1032 2776 nullum
1056 2715 1122 2787 est,
1147 2711 1206 2776 nisi
1229 2711 1309 2794 quod

138 2820 222 2883 sento
254 2836 342 2895 casu,
378 2818 548 2884 cuiusmodi
572 2819 615 2884 sit
636 2821 753 2896 motus,
790 2818 816 2882 is
852 2819 903 2902 qui
938 2818 1014 2902 legit
1048 2819 1146 2901 magis
1170 2837 1186 2883 e
1209 2836 1308 2895 rerum

137 2945 214 2991 nexu
238 2925 379 3009 colligere
403 2926 511 3004 debet,
543 2946 634 3010 quam
658 2929 694 2992 ut
717 2925 865 3011 expressis
888 2925 988 2990 verbis
1012 2925 1171 2993 indicetur.
1218 2926 1309 2991 Dati-

136 3052 191 3100 vns
223 3033 352 3118 denique
388 3054 457 3099 cum
493 3035 541 3100 his
577 3035 675 3101 verbis
712 3035 893 3101 coniunctus
916 3022 1088 3100 referendus
1111 3036 1158 3099 est
1181 3032 1219 3099 ad
1243 3033 1307 3098 vim
1425 3119 1427 3123 ι

135 3140 230 3206 dativi
254 3142 405 3208 commodi
428 3145 459 3208 et
482 3142 677 3211 incommodi.
724 3143 824 3208 Verba
847 3143 950 3208 autem
974 3143 1048 3207 haee
1072 3142 1158 3208 sunt:

325 3317 354 3387 ξ.
372 3319 398 3374 1.
436 3319 532 3376 Verba
550 3334 615 3376 cun
635 3319 685 3375 ‘a’
710 3318 928 3389 praepositione
947 3317 1117 3388 composita.

224 3459 379 3530 Allesse
403 3482 472 3528 cnm
495 3465 612 3530 duobus
636 3467 756 3561 tantum
781 3464 856 3530 loeis
879 3465 924 3530 ita
948 3467 1157 3531 constructum
1181 3467 1308 3560 legatur,

135 3572 170 3634 ut
193 3571 345 3643 indicetur
367 3571 454 3649 finis,
495 3593 513 3637 a
548 3590 605 3655 quo
636 3591 767 3656 persona
795 3573 841 3637 vel
872 3593 919 3638 res
951 3575 1179 3657 separassem,
1215 3575 1309 3639 semel

135 3697 204 3744 oum
228 3679 467 3762 praepositione,
498 3681 591 3746 semel
623 3698 693 3746 cum
724 3679 856 3746 ablativo
886 3680 1097 3765 coniungitur:
1127 3682 1181 3757 IV,
1206 3680 1310 3758 242*)

135 3788 300 3868 ‘qnantum
326 3805 462 3870 quaeque
486 3807 505 3852 a
529 3787 615 3854 uobis
639 3808 685 3854 res
709 3788 809 3853 absit!
857 3789 911 3865 IV,
935 3789 1000 3856 406
1025 3789 1093 3854 ‘vir
1117 3790 1231 3854 absunt
1254 3808 1309 3854 no-

136 3893 184 3958 bis
199 3895 312 3959 missus
329 3894 376 3959 bis
392 3895 475 3960 mille
492 3895 646 3979 sagittae)
683 3894 797 3961 (leteris
814 3894 908 3961 locis:
925 3898 980 3974 ΙΙΙ,
998 3899 1073 3975 955,
1093 3897 1187 3974 1016,
1207 3899 1310 3974 108ος

134 4002 189 4078 lv,
216 4002 295 4078 248,
312 4003 423 4078 Δ1()53;
448 4003 483 4082 V,
510 4005 573 4070 588
598 4003 734 4069 absolute
757 4002 880 4086 legitur.

133 4147 451 4156 n--—-—--------.——

205 4232 230 4300 *Ι
251 4237 378 4289 Numeros
398 4254 501 4303 semper
520 4253 615 4304 sequor
634 4240 836 4304 Beruaysiauos.
