<?xml version="1.0" encoding="UTF-8"?>
<!DOCTYPE html PUBLIC "-//W3C//DTD XHTML 1.0 Transitional//EN"
    "http://www.w3.org/TR/xhtml1/DTD/xhtml1-transitional.dtd">
<html xmlns="http://www.w3.org/1999/xhtml" xml:lang="en" lang="en">
 <head>
  <title>
</title>
<meta http-equiv="Content-Type" content="text/html;charset=utf-8" />
  <meta name='ocr-system' content='tesseract 3.04.00' />
  <meta name='ocr-capabilities' content='ocr_page ocr_carea ocr_par ocr_line ocrx_word'/>
</head>
<body>
  <div class='ocr_page' id='page_1' title='image "./deverborumcumpr00kellgoog_0010.png"; bbox 0 0 2910 4756; ppageno 0'>
   <div class='ocr_carea' id='block_1_1' title="bbox 635 229 885 328">
    <p class='ocr_par' dir='ltr' id='par_1_1' title="bbox 635 229 885 328">
     <span class='ocr_line' id='line_1_1' title="bbox 635 229 885 328; baseline 0 -18"><span class='ocrx_word' id='word_1_1' title='bbox 635 229 885 328; x_wconf 64' lang='grc'><strong>..5..’</strong></span> 
     </span>
    </p>
   </div>
   <div class='ocr_carea' id='block_1_2' title="bbox 75 456 1307 3342">
    <p class='ocr_par' dir='ltr' id='par_1_2' title="bbox 132 456 1306 761">
     <span class='ocr_line' id='line_1_2' title="bbox 132 456 1306 545; baseline -0.001 -19"><span class='ocrx_word' id='word_1_2' title='bbox 132 460 300 545; x_wconf 88' lang='lat' dir='ltr'><strong>putaverim</strong></span> <span class='ocrx_word' id='word_1_3' title='bbox 326 461 356 524; x_wconf 85' lang='lat' dir='ltr'><strong>et</strong></span> <span class='ocrx_word' id='word_1_4' title='bbox 380 459 459 542; x_wconf 92' lang='lat' dir='ltr'><strong>quod</strong></span> <span class='ocrx_word' id='word_1_5' title='bbox 483 456 644 522; x_wconf 89' lang='lat' dir='ltr'><strong>consilium</strong></span> <span class='ocrx_word' id='word_1_6' title='bbox 668 456 700 520; x_wconf 90' lang='lat' dir='ltr'><strong>in</strong></span> <span class='ocrx_word' id='word_1_7' title='bbox 725 456 869 538; x_wconf 85' lang='lat' dir='ltr'><strong>exemptis</strong></span> <span class='ocrx_word' id='word_1_8' title='bbox 894 456 1064 522; x_wconf 85' lang='lat' dir='ltr'><strong>adlevandis</strong></span> <span class='ocrx_word' id='word_1_9' title='bbox 1089 459 1214 524; x_wconf 88' lang='lat' dir='ltr'><strong>secutus</strong></span> <span class='ocrx_word' id='word_1_10' title='bbox 1239 458 1306 538; x_wconf 90' lang='lat' dir='ltr'><strong>sim,</strong></span> 
     </span>
     <span class='ocr_line' id='line_1_3' title="bbox 134 548 1306 652; baseline -0.001 -18"><span class='ocrx_word' id='word_1_11' title='bbox 134 574 199 635; x_wconf 88' lang='lat' dir='ltr'><strong>turn</strong></span> <span class='ocrx_word' id='word_1_12' title='bbox 232 569 304 652; x_wconf 92' lang='lat' dir='ltr'><strong>quid</strong></span> <span class='ocrx_word' id='word_1_13' title='bbox 335 566 521 632; x_wconf 83' lang='lat' dir='ltr'><strong>discriminis</strong></span> <span class='ocrx_word' id='word_1_14' title='bbox 552 565 722 630; x_wconf 81' lang='lat' dir='ltr'><strong>intercedat</strong></span> <span class='ocrx_word' id='word_1_15' title='bbox 746 565 825 629; x_wconf 89' lang='lat' dir='ltr'><strong>inter</strong></span> <span class='ocrx_word' id='word_1_16' title='bbox 849 565 948 629; x_wconf 88' lang='lat' dir='ltr'><strong>varias</strong></span> <span class='ocrx_word' id='word_1_17' title='bbox 974 548 1142 630; x_wconf 69' lang='lat' dir='ltr'><strong>structuras</strong></span> <span class='ocrx_word' id='word_1_18' title='bbox 1166 588 1183 631; x_wconf 87' lang='lat' dir='ltr'><strong>a</strong></span> <span class='ocrx_word' id='word_1_19' title='bbox 1208 568 1306 633; x_wconf 88' lang='lat' dir='ltr'><strong>verbis</strong></span> 
     </span>
     <span class='ocr_line' id='line_1_4' title="bbox 133 676 1023 761; baseline -0.009 -18"><span class='ocrx_word' id='word_1_20' title='bbox 133 676 308 761; x_wconf 90' lang='lat' dir='ltr'><strong>compositis</strong></span> <span class='ocrx_word' id='word_1_21' title='bbox 331 676 504 759; x_wconf 91' lang='lat' dir='ltr'><strong>pendentes.</strong></span> <span class='ocrx_word' id='word_1_22' title='bbox 534 714 536 717; x_wconf 78' lang='lat'><em>.</em></span> <span class='ocrx_word' id='word_1_23' title='bbox 1021 731 1023 735; x_wconf 12' lang='grc' dir='ltr'><em>Α</em></span> 
     </span>
    </p>

    <p class='ocr_par' dir='ltr' id='par_1_3' title="bbox 75 778 1307 3342">
     <span class='ocr_line' id='line_1_5' title="bbox 221 778 1307 864; baseline 0 -16"><span class='ocrx_word' id='word_1_24' title='bbox 221 784 364 849; x_wconf 88' lang='lat' dir='ltr'><strong>Ordinem</strong></span> <span class='ocrx_word' id='word_1_25' title='bbox 393 784 494 848; x_wconf 90' lang='lat' dir='ltr'><strong>autem</strong></span> <span class='ocrx_word' id='word_1_26' title='bbox 527 778 754 851; x_wconf 77' lang='lat' dir='ltr'><strong>dissertationis¹</strong></span> <span class='ocrx_word' id='word_1_27' title='bbox 775 781 818 845; x_wconf 88' lang='lat' dir='ltr'><strong>ita</strong></span> <span class='ocrx_word' id='word_1_28' title='bbox 843 780 1002 864; x_wconf 77' lang='lat' dir='ltr'><strong>aptissime</strong></span> <span class='ocrx_word' id='word_1_29' title='bbox 1031 784 1062 846; x_wconf 94' lang='lat' dir='ltr'><strong>et</strong></span> <span class='ocrx_word' id='word_1_30' title='bbox 1084 782 1307 848; x_wconf 79' lang='lat' dir='ltr'><strong>dilucidissime</strong></span> 
     </span>
     <span class='ocr_line' id='line_1_6' title="bbox 131 888 1305 970; baseline 0.002 -16"><span class='ocrx_word' id='word_1_31' title='bbox 131 890 401 963; x_wconf 69' lang='lat' dir='ltr'><strong>institueremus</strong></span> <span class='ocrx_word' id='word_1_32' title='bbox 432 889 516 954; x_wconf 92' lang='lat' dir='ltr'><strong>visus</strong></span> <span class='ocrx_word' id='word_1_33' title='bbox 547 907 631 965; x_wconf 87' lang='lat' dir='ltr'><strong>sum,</strong></span> <span class='ocrx_word' id='word_1_34' title='bbox 671 891 705 952; x_wconf 92' lang='lat' dir='ltr'><strong>ut</strong></span> <span class='ocrx_word' id='word_1_35' title='bbox 735 889 827 952; x_wconf 89' lang='lat' dir='ltr'><strong>verba</strong></span> <span class='ocrx_word' id='word_1_36' title='bbox 855 888 1044 970; x_wconf 86' lang='lat' dir='ltr'><strong>disponerem</strong></span> <span class='ocrx_word' id='word_1_37' title='bbox 1076 909 1110 954; x_wconf 85' lang='lat' dir='ltr'><strong>ex</strong></span> <span class='ocrx_word' id='word_1_38' title='bbox 1141 892 1305 970; x_wconf 85' lang='lat' dir='ltr'><strong>structura,</strong></span> 
     </span>
     <span class='ocr_line' id='line_1_7' title="bbox 133 995 1306 1083; baseline -0.001 -19"><span class='ocrx_word' id='word_1_39' title='bbox 133 1017 222 1082; x_wconf 88' lang='lat' dir='ltr'><strong>quam</strong></span> <span class='ocrx_word' id='word_1_40' title='bbox 259 1017 295 1063; x_wconf 84' lang='lat' dir='ltr'><strong>ex</strong></span> <span class='ocrx_word' id='word_1_41' title='bbox 329 995 605 1083; x_wconf 88' lang='lat' dir='ltr'><strong>praepositionibus</strong></span> <span class='ocrx_word' id='word_1_42' title='bbox 640 995 819 1077; x_wconf 89' lang='lat' dir='ltr'><strong>quibuscum</strong></span> <span class='ocrx_word' id='word_1_43' title='bbox 849 995 1016 1079; x_wconf 89' lang='lat' dir='ltr'><strong>composita</strong></span> <span class='ocrx_word' id='word_1_44' title='bbox 1043 999 1116 1061; x_wconf 89' lang='lat' dir='ltr'><strong>sunt</strong></span> <span class='ocrx_word' id='word_1_45' title='bbox 1140 997 1306 1080; x_wconf 88' lang='lat' dir='ltr'><strong>accipiunt.</strong></span> 
     </span>
     <span class='ocr_line' id='line_1_8' title="bbox 132 1103 1304 1189; baseline 0.001 -19"><span class='ocrx_word' id='word_1_46' title='bbox 132 1106 232 1185; x_wconf 77' lang='lat' dir='ltr'><strong>Quare</strong></span> <span class='ocrx_word' id='word_1_47' title='bbox 256 1106 353 1189; x_wconf 91' lang='lat' dir='ltr'><strong>primo</strong></span> <span class='ocrx_word' id='word_1_48' title='bbox 377 1106 443 1171; x_wconf 88' lang='lat' dir='ltr'><strong>loeo</strong></span> <span class='ocrx_word' id='word_1_49' title='bbox 468 1103 504 1168; x_wconf 92' lang='lat' dir='ltr'><strong>de</strong></span> <span class='ocrx_word' id='word_1_50' title='bbox 529 1104 572 1167; x_wconf 92' lang='lat' dir='ltr'><strong>eis</strong></span> <span class='ocrx_word' id='word_1_51' title='bbox 596 1103 695 1167; x_wconf 90' lang='lat' dir='ltr'><strong>verbis</strong></span> <span class='ocrx_word' id='word_1_52' title='bbox 720 1121 862 1184; x_wconf 85' lang='lat' dir='ltr'><strong>quaerere</strong></span> <span class='ocrx_word' id='word_1_53' title='bbox 887 1103 919 1166; x_wconf 87' lang='lat' dir='ltr'><strong>in</strong></span> <span class='ocrx_word' id='word_1_54' title='bbox 943 1103 1045 1168; x_wconf 91' lang='lat' dir='ltr'><strong>animo</strong></span> <span class='ocrx_word' id='word_1_55' title='bbox 1063 1106 1118 1181; x_wconf 91' lang='lat' dir='ltr'><strong>est,</strong></span> <span class='ocrx_word' id='word_1_56' title='bbox 1143 1124 1304 1188; x_wconf 88' lang='lat' dir='ltr'><strong>quaecum</strong></span> 
     </span>
     <span class='ocr_line' id='line_1_9' title="bbox 131 1207 1305 1297; baseline 0.002 -20"><span class='ocrx_word' id='word_1_57' title='bbox 131 1212 406 1297; x_wconf 90' lang='lat' dir='ltr'><strong>praepositionibus</strong></span> <span class='ocrx_word' id='word_1_58' title='bbox 432 1220 462 1276; x_wconf 87' lang='lat' dir='ltr'><strong>‘a</strong></span> <span class='ocrx_word' id='word_1_59' title='bbox 485 1211 522 1276; x_wconf 91' lang='lat' dir='ltr'><strong>de</strong></span> <span class='ocrx_word' id='word_1_60' title='bbox 546 1213 589 1274; x_wconf 80' lang='lat' dir='ltr'><strong>ev&#39;</strong></span> <span class='ocrx_word' id='word_1_61' title='bbox 613 1212 780 1294; x_wconf 90' lang='lat' dir='ltr'><strong>composita</strong></span> <span class='ocrx_word' id='word_1_62' title='bbox 796 1212 849 1275; x_wconf 85' lang='lat' dir='ltr'><strong>aut</strong></span> <span class='ocrx_word' id='word_1_63' title='bbox 864 1211 1117 1295; x_wconf 82' lang='lat' dir='ltr'><strong>praepositionem</strong></span> <span class='ocrx_word' id='word_1_64' title='bbox 1135 1207 1305 1292; x_wconf 89' lang='lat' dir='ltr'><strong>assumunt,</strong></span> 
     </span>
     <span class='ocr_line' id='line_1_10' title="bbox 130 1318 1306 1406; baseline 0.001 -22"><span class='ocrx_word' id='word_1_65' title='bbox 130 1339 190 1403; x_wconf 93' lang='lat' dir='ltr'><strong>qua</strong></span> <span class='ocrx_word' id='word_1_66' title='bbox 220 1339 283 1386; x_wconf 92' lang='lat' dir='ltr'><strong>rem</strong></span> <span class='ocrx_word' id='word_1_67' title='bbox 314 1322 351 1385; x_wconf 90' lang='lat' dir='ltr'><strong>ab</strong></span> <span class='ocrx_word' id='word_1_68' title='bbox 383 1320 484 1402; x_wconf 87' lang='lat' dir='ltr'><strong>aliquo</strong></span> <span class='ocrx_word' id='word_1_69' title='bbox 507 1319 571 1383; x_wconf 89' lang='lat' dir='ltr'><strong>loco</strong></span> <span class='ocrx_word' id='word_1_70' title='bbox 595 1319 740 1383; x_wconf 86' lang='lat' dir='ltr'><strong>removeri</strong></span> <span class='ocrx_word' id='word_1_71' title='bbox 765 1318 812 1383; x_wconf 91' lang='lat' dir='ltr'><strong>vel</strong></span> <span class='ocrx_word' id='word_1_72' title='bbox 836 1319 874 1383; x_wconf 89' lang='lat' dir='ltr'><strong>ab</strong></span> <span class='ocrx_word' id='word_1_73' title='bbox 898 1319 957 1383; x_wconf 87' lang='lat' dir='ltr'><strong>alia</strong></span> <span class='ocrx_word' id='word_1_74' title='bbox 980 1339 1011 1384; x_wconf 91' lang='lat' dir='ltr'><strong>re</strong></span> <span class='ocrx_word' id='word_1_75' title='bbox 1035 1321 1166 1403; x_wconf 87' lang='lat' dir='ltr'><strong>separari</strong></span> <span class='ocrx_word' id='word_1_76' title='bbox 1190 1321 1306 1406; x_wconf 90' lang='lat' dir='ltr'><strong>siguifi-</strong></span> 
     </span>
     <span class='ocr_line' id='line_1_11' title="bbox 130 1425 1304 1505; baseline 0.003 -13"><span class='ocrx_word' id='word_1_77' title='bbox 130 1430 227 1505; x_wconf 88' lang='lat' dir='ltr'><strong>catur,</strong></span> <span class='ocrx_word' id='word_1_78' title='bbox 252 1430 306 1493; x_wconf 89' lang='lat' dir='ltr'><strong>aut</strong></span> <span class='ocrx_word' id='word_1_79' title='bbox 329 1427 444 1491; x_wconf 90' lang='lat' dir='ltr'><strong>nudum</strong></span> <span class='ocrx_word' id='word_1_80' title='bbox 469 1427 636 1492; x_wconf 86' lang='lat' dir='ltr'><strong>ablativum</strong></span> <span class='ocrx_word' id='word_1_81' title='bbox 659 1427 712 1490; x_wconf 88' lang='lat' dir='ltr'><strong>aut</strong></span> <span class='ocrx_word' id='word_1_82' title='bbox 737 1425 883 1491; x_wconf 89' lang='lat' dir='ltr'><strong>dativum.</strong></span> <span class='ocrx_word' id='word_1_83' title='bbox 930 1427 1035 1492; x_wconf 87' lang='lat' dir='ltr'><strong>Altero</strong></span> <span class='ocrx_word' id='word_1_84' title='bbox 1059 1428 1160 1491; x_wconf 87' lang='lat' dir='ltr'><strong>autem</strong></span> <span class='ocrx_word' id='word_1_85' title='bbox 1185 1428 1250 1494; x_wconf 93' lang='lat' dir='ltr'><strong>loco</strong></span> <span class='ocrx_word' id='word_1_86' title='bbox 1267 1430 1304 1494; x_wconf 88' lang='lat' dir='ltr'><strong>de</strong></span> 
     </span>
     <span class='ocr_line' id='line_1_12' title="bbox 130 1533 1305 1619; baseline 0.002 -19"><span class='ocrx_word' id='word_1_87' title='bbox 130 1535 174 1600; x_wconf 90' lang='lat' dir='ltr'><strong>eis</strong></span> <span class='ocrx_word' id='word_1_88' title='bbox 205 1534 305 1601; x_wconf 88' lang='lat' dir='ltr'><strong>verbis</strong></span> <span class='ocrx_word' id='word_1_89' title='bbox 335 1534 490 1619; x_wconf 88' lang='lat' dir='ltr'><strong>disputare</strong></span> <span class='ocrx_word' id='word_1_90' title='bbox 521 1534 611 1613; x_wconf 86' lang='lat' dir='ltr'><strong>milri¹</strong></span> <span class='ocrx_word' id='word_1_91' title='bbox 627 1533 785 1618; x_wconf 89' lang='lat' dir='ltr'><strong>proposui,</strong></span> <span class='ocrx_word' id='word_1_92' title='bbox 825 1553 902 1616; x_wconf 88' lang='lat' dir='ltr'><strong>quae</strong></span> <span class='ocrx_word' id='word_1_93' title='bbox 934 1553 1001 1599; x_wconf 88' lang='lat' dir='ltr'><strong>oum</strong></span> <span class='ocrx_word' id='word_1_94' title='bbox 1034 1535 1305 1619; x_wconf 89' lang='lat' dir='ltr'><strong>praepositionibus</strong></span> 
     </span>
     <span class='ocr_line' id='line_1_13' title="bbox 131 1641 1305 1728; baseline 0.001 -20"><span class='ocrx_word' id='word_1_95' title='bbox 131 1643 179 1708; x_wconf 87' lang='lat' dir='ltr'><strong>‘ad</strong></span> <span class='ocrx_word' id='word_1_96' title='bbox 203 1661 257 1708; x_wconf 90' lang='lat' dir='ltr'><strong>con</strong></span> <span class='ocrx_word' id='word_1_97' title='bbox 282 1642 313 1706; x_wconf 94' lang='lat' dir='ltr'><strong>in</strong></span> <span class='ocrx_word' id='word_1_98' title='bbox 338 1642 417 1707; x_wconf 87' lang='lat' dir='ltr'><strong>iuter</strong></span> <span class='ocrx_word' id='word_1_99' title='bbox 440 1643 477 1706; x_wconf 93' lang='lat' dir='ltr'><strong>ob</strong></span> <span class='ocrx_word' id='word_1_100' title='bbox 493 1643 564 1724; x_wconf 88' lang='lat' dir='ltr'><strong>post</strong></span> <span class='ocrx_word' id='word_1_101' title='bbox 579 1660 652 1726; x_wconf 88' lang='lat' dir='ltr'><strong>prae</strong></span> <span class='ocrx_word' id='word_1_102' title='bbox 668 1643 733 1707; x_wconf 88' lang='lat' dir='ltr'><strong>sub&#39;</strong></span> <span class='ocrx_word' id='word_1_103' title='bbox 750 1641 920 1725; x_wconf 85' lang='lat' dir='ltr'><strong>composita</strong></span> <span class='ocrx_word' id='word_1_104' title='bbox 935 1644 1018 1707; x_wconf 91' lang='lat' dir='ltr'><strong>suut.</strong></span> <span class='ocrx_word' id='word_1_105' title='bbox 1066 1642 1201 1722; x_wconf 77' lang='lat' dir='ltr'><strong>Quarum</strong></span> <span class='ocrx_word' id='word_1_106' title='bbox 1218 1663 1305 1728; x_wconf 89' lang='lat' dir='ltr'><strong>prae-</strong></span> 
     </span>
     <span class='ocr_line' id='line_1_14' title="bbox 129 1747 1305 1835; baseline 0 -19"><span class='ocrx_word' id='word_1_107' title='bbox 129 1750 330 1835; x_wconf 86' lang='lat' dir='ltr'><strong>positionum,</strong></span> <span class='ocrx_word' id='word_1_108' title='bbox 370 1749 509 1831; x_wconf 87' lang='lat' dir='ltr'><strong>quamvis</strong></span> <span class='ocrx_word' id='word_1_109' title='bbox 541 1749 669 1814; x_wconf 88' lang='lat' dir='ltr'><strong>subtiles</strong></span> <span class='ocrx_word' id='word_1_110' title='bbox 700 1749 847 1831; x_wconf 91' lang='lat' dir='ltr'><strong>quaedam</strong></span> <span class='ocrx_word' id='word_1_111' title='bbox 877 1747 1065 1815; x_wconf 85' lang='lat' dir='ltr'><strong>differentiae</strong></span> <span class='ocrx_word' id='word_1_112' title='bbox 1089 1753 1121 1814; x_wconf 86' lang='lat' dir='ltr'><strong>et</strong></span> <span class='ocrx_word' id='word_1_113' title='bbox 1143 1750 1305 1816; x_wconf 86' lang='lat' dir='ltr'><strong>varietates</strong></span> 
     </span>
     <span class='ocr_line' id='line_1_15' title="bbox 129 1846 1304 1946; baseline 0.002 -24"><span class='ocrx_word' id='word_1_114' title='bbox 129 1846 334 1936; x_wconf 84' lang='lat' dir='ltr'><strong>intercedant,</strong></span> <span class='ocrx_word' id='word_1_115' title='bbox 373 1859 429 1924; x_wconf 91' lang='lat' dir='ltr'><strong>hoc</strong></span> <span class='ocrx_word' id='word_1_116' title='bbox 458 1876 618 1946; x_wconf 83' lang='lat' dir='ltr'><strong>commune</strong></span> <span class='ocrx_word' id='word_1_117' title='bbox 650 1861 709 1933; x_wconf 91' lang='lat' dir='ltr'><strong>est,</strong></span> <span class='ocrx_word' id='word_1_118' title='bbox 749 1857 828 1940; x_wconf 88' lang='lat' dir='ltr'><strong>quod</strong></span> <span class='ocrx_word' id='word_1_119' title='bbox 860 1857 1185 1942; x_wconf 87' lang='lat' dir='ltr'><strong>appropinquationem</strong></span> <span class='ocrx_word' id='word_1_120' title='bbox 1217 1859 1304 1941; x_wconf 93' lang='lat' dir='ltr'><strong>quasi</strong></span> 
     </span>
     <span class='ocr_line' id='line_1_16' title="bbox 129 1965 1305 2050; baseline 0.002 -22"><span class='ocrx_word' id='word_1_121' title='bbox 129 1965 281 2047; x_wconf 90' lang='lat' dir='ltr'><strong>quandam</strong></span> <span class='ocrx_word' id='word_1_122' title='bbox 304 1968 335 2031; x_wconf 90' lang='lat' dir='ltr'><strong>et</strong></span> <span class='ocrx_word' id='word_1_123' title='bbox 358 1966 603 2032; x_wconf 87' lang='lat' dir='ltr'><strong>coniunctionem</strong></span> <span class='ocrx_word' id='word_1_124' title='bbox 627 1965 820 2050; x_wconf 85' lang='lat' dir='ltr'><strong>significant,</strong></span> <span class='ocrx_word' id='word_1_125' title='bbox 844 1983 937 2048; x_wconf 91' lang='lat' dir='ltr'><strong>quare</strong></span> <span class='ocrx_word' id='word_1_126' title='bbox 960 1967 1051 2032; x_wconf 89' lang='lat' dir='ltr'><strong>verba</strong></span> <span class='ocrx_word' id='word_1_127' title='bbox 1075 1983 1202 2048; x_wconf 89' lang='lat' dir='ltr'><strong>quoquc,</strong></span> <span class='ocrx_word' id='word_1_128' title='bbox 1228 1985 1305 2049; x_wconf 89' lang='lat' dir='ltr'><strong>quae</strong></span> 
     </span>
     <span class='ocr_line' id='line_1_17' title="bbox 128 2073 1303 2158; baseline 0.001 -21"><span class='ocrx_word' id='word_1_129' title='bbox 128 2092 197 2138; x_wconf 90' lang='lat' dir='ltr'><strong>cum</strong></span> <span class='ocrx_word' id='word_1_130' title='bbox 222 2073 265 2138; x_wconf 90' lang='lat' dir='ltr'><strong>eis</strong></span> <span class='ocrx_word' id='word_1_131' title='bbox 290 2076 520 2157; x_wconf 89' lang='lat' dir='ltr'><strong>componuntur,</strong></span> <span class='ocrx_word' id='word_1_132' title='bbox 545 2075 624 2138; x_wconf 92' lang='lat' dir='ltr'><strong>hanc</strong></span> <span class='ocrx_word' id='word_1_133' title='bbox 647 2075 819 2156; x_wconf 84' lang='lat' dir='ltr'><strong>generalem</strong></span> <span class='ocrx_word' id='word_1_134' title='bbox 843 2094 878 2138; x_wconf 83' lang='lat' dir='ltr'><strong>ex</strong></span> <span class='ocrx_word' id='word_1_135' title='bbox 902 2074 946 2138; x_wconf 93' lang='lat' dir='ltr'><strong>eis</strong></span> <span class='ocrx_word' id='word_1_136' title='bbox 967 2073 1122 2158; x_wconf 91' lang='lat' dir='ltr'><strong>accipiunt</strong></span> <span class='ocrx_word' id='word_1_137' title='bbox 1138 2073 1303 2138; x_wconf 89' lang='lat' dir='ltr'><strong>notionem.</strong></span> 
     </span>
     <span class='ocr_line' id='line_1_18' title="bbox 129 2180 1303 2265; baseline 0 -20"><span class='ocrx_word' id='word_1_138' title='bbox 129 2181 197 2245; x_wconf 91' lang='lat' dir='ltr'><strong>Hac</strong></span> <span class='ocrx_word' id='word_1_139' title='bbox 230 2180 297 2262; x_wconf 89' lang='lat' dir='ltr'><strong>ipsa</strong></span> <span class='ocrx_word' id='word_1_140' title='bbox 327 2182 429 2244; x_wconf 88' lang='lat' dir='ltr'><strong>autem</strong></span> <span class='ocrx_word' id='word_1_141' title='bbox 462 2181 686 2265; x_wconf 85' lang='lat' dir='ltr'><strong>significatione</strong></span> <span class='ocrx_word' id='word_1_142' title='bbox 716 2181 766 2256; x_wconf 88' lang='lat' dir='ltr'><strong>lit,</strong></span> <span class='ocrx_word' id='word_1_143' title='bbox 806 2183 840 2245; x_wconf 90' lang='lat' dir='ltr'><strong>ut</strong></span> <span class='ocrx_word' id='word_1_144' title='bbox 867 2180 1016 2263; x_wconf 92' lang='lat' dir='ltr'><strong>duplicem</strong></span> <span class='ocrx_word' id='word_1_145' title='bbox 1046 2181 1203 2263; x_wconf 89' lang='lat' dir='ltr'><strong>patiantur</strong></span> <span class='ocrx_word' id='word_1_146' title='bbox 1231 2199 1303 2245; x_wconf 90' lang='lat' dir='ltr'><strong>oon-</strong></span> 
     </span>
     <span class='ocr_line' id='line_1_19' title="bbox 129 2286 1304 2371; baseline 0.002 -19"><span class='ocrx_word' id='word_1_147' title='bbox 129 2287 346 2365; x_wconf 90' lang='lat' dir='ltr'><strong>structionem,</strong></span> <span class='ocrx_word' id='word_1_148' title='bbox 386 2289 440 2351; x_wconf 89' lang='lat' dir='ltr'><strong>aut</strong></span> <span class='ocrx_word' id='word_1_149' title='bbox 470 2288 726 2371; x_wconf 85' lang='lat' dir='ltr'><strong>praepositionem</strong></span> <span class='ocrx_word' id='word_1_150' title='bbox 759 2290 813 2352; x_wconf 91' lang='lat' dir='ltr'><strong>aut</strong></span> <span class='ocrx_word' id='word_1_151' title='bbox 836 2286 985 2352; x_wconf 91' lang='lat' dir='ltr'><strong>dativum.</strong></span> <span class='ocrx_word' id='word_1_152' title='bbox 1047 2287 1149 2352; x_wconf 81' lang='lat' dir='ltr'><strong>Tertio</strong></span> <span class='ocrx_word' id='word_1_153' title='bbox 1174 2286 1304 2371; x_wconf 90' lang='lat' dir='ltr'><strong>denique</strong></span> 
     </span>
     <span class='ocr_line' id='line_1_20' title="bbox 75 2394 1305 2481; baseline 0.002 -21"><span class='ocrx_word' id='word_1_154' title='bbox 75 2429 87 2450; x_wconf 88' lang='lat'><strong>·</strong></span> <span class='ocrx_word' id='word_1_155' title='bbox 128 2397 193 2462; x_wconf 91' lang='lat' dir='ltr'><strong>loco</strong></span> <span class='ocrx_word' id='word_1_156' title='bbox 226 2410 261 2460; x_wconf 90' lang='lat' dir='ltr'><strong>ea</strong></span> <span class='ocrx_word' id='word_1_157' title='bbox 291 2397 382 2461; x_wconf 91' lang='lat' dir='ltr'><strong>verba</strong></span> <span class='ocrx_word' id='word_1_158' title='bbox 410 2397 554 2481; x_wconf 83' lang='lat' dir='ltr'><strong>colligam</strong></span> <span class='ocrx_word' id='word_1_159' title='bbox 577 2394 736 2480; x_wconf 91' lang='lat' dir='ltr'><strong>disponam</strong></span> <span class='ocrx_word' id='word_1_160' title='bbox 761 2396 798 2461; x_wconf 90' lang='lat' dir='ltr'><strong>de</strong></span> <span class='ocrx_word' id='word_1_161' title='bbox 821 2395 950 2481; x_wconf 89' lang='lat' dir='ltr'><strong>singulis</strong></span> <span class='ocrx_word' id='word_1_162' title='bbox 974 2395 1150 2478; x_wconf 87' lang='lat' dir='ltr'><strong>disputabo,</strong></span> <span class='ocrx_word' id='word_1_163' title='bbox 1187 2415 1263 2480; x_wconf 90' lang='lat' dir='ltr'><strong>quae</strong></span> <span class='ocrx_word' id='word_1_164' title='bbox 1286 2417 1305 2463; x_wconf 93' lang='lat' dir='ltr'><strong>a</strong></span> 
     </span>
     <span class='ocr_line' id='line_1_21' title="bbox 130 2503 1303 2589; baseline 0.002 -22"><span class='ocrx_word' id='word_1_165' title='bbox 130 2503 229 2569; x_wconf 91' lang='lat' dir='ltr'><strong>verbis</strong></span> <span class='ocrx_word' id='word_1_166' title='bbox 254 2504 458 2570; x_wconf 88' lang='lat' dir='ltr'><strong>intransitivis</strong></span> <span class='ocrx_word' id='word_1_167' title='bbox 481 2504 612 2570; x_wconf 80' lang='lat' dir='ltr'><strong>formata</strong></span> <span class='ocrx_word' id='word_1_168' title='bbox 635 2523 704 2570; x_wconf 92' lang='lat' dir='ltr'><strong>cum</strong></span> <span class='ocrx_word' id='word_1_169' title='bbox 720 2504 994 2589; x_wconf 87' lang='lat' dir='ltr'><strong>praepositionibus</strong></span> <span class='ocrx_word' id='word_1_170' title='bbox 1020 2505 1067 2569; x_wconf 83' lang='lat' dir='ltr'><strong>‘ad</strong></span> <span class='ocrx_word' id='word_1_171' title='bbox 1091 2523 1146 2569; x_wconf 91' lang='lat' dir='ltr'><strong>con</strong></span> <span class='ocrx_word' id='word_1_172' title='bbox 1170 2503 1207 2568; x_wconf 89' lang='lat' dir='ltr'><strong>de</strong></span> <span class='ocrx_word' id='word_1_173' title='bbox 1231 2524 1247 2568; x_wconf 88' lang='lat' dir='ltr'><strong>e</strong></span> <span class='ocrx_word' id='word_1_174' title='bbox 1270 2505 1303 2570; x_wconf 91' lang='lat' dir='ltr'><strong>in</strong></span> 
     </span>
     <span class='ocr_line' id='line_1_22' title="bbox 129 2609 1303 2695; baseline 0.001 -19"><span class='ocrx_word' id='word_1_175' title='bbox 129 2611 166 2676; x_wconf 91' lang='lat' dir='ltr'><strong>ob</strong></span> <span class='ocrx_word' id='word_1_176' title='bbox 191 2630 243 2694; x_wconf 90' lang='lat' dir='ltr'><strong>per</strong></span> <span class='ocrx_word' id='word_1_177' title='bbox 265 2612 385 2694; x_wconf 84' lang='lat' dir='ltr'><strong>praeter</strong></span> <span class='ocrx_word' id='word_1_178' title='bbox 407 2613 464 2677; x_wconf 91' lang='lat' dir='ltr'><strong>sub</strong></span> <span class='ocrx_word' id='word_1_179' title='bbox 488 2613 581 2676; x_wconf 85' lang='lat' dir='ltr'><strong>trens&#39;</strong></span> <span class='ocrx_word' id='word_1_180' title='bbox 606 2612 773 2695; x_wconf 88' lang='lat' dir='ltr'><strong>composita</strong></span> <span class='ocrx_word' id='word_1_181' title='bbox 798 2612 830 2676; x_wconf 95' lang='lat' dir='ltr'><strong>in</strong></span> <span class='ocrx_word' id='word_1_182' title='bbox 854 2611 1044 2677; x_wconf 78' lang='lat' dir='ltr'><strong>transitivum</strong></span> <span class='ocrx_word' id='word_1_183' title='bbox 1070 2612 1182 2676; x_wconf 92' lang='lat' dir='ltr'><strong>abeunt</strong></span> <span class='ocrx_word' id='word_1_184' title='bbox 1205 2609 1303 2677; x_wconf 87' lang='lat' dir='ltr'><strong>notio·</strong></span> 
     </span>
     <span class='ocr_line' id='line_1_23' title="bbox 128 2718 1303 2784; baseline 0.001 -3"><span class='ocrx_word' id='word_1_185' title='bbox 128 2737 197 2782; x_wconf 93' lang='lat' dir='ltr'><strong>nem</strong></span> <span class='ocrx_word' id='word_1_186' title='bbox 226 2719 257 2782; x_wconf 91' lang='lat' dir='ltr'><strong>et</strong></span> <span class='ocrx_word' id='word_1_187' title='bbox 280 2718 488 2783; x_wconf 85' lang='lat' dir='ltr'><strong>accusativum</strong></span> <span class='ocrx_word' id='word_1_188' title='bbox 513 2720 685 2783; x_wconf 89' lang='lat' dir='ltr'><strong>assumunt.</strong></span> <span class='ocrx_word' id='word_1_189' title='bbox 746 2721 782 2783; x_wconf 93' lang='lat' dir='ltr'><strong>ln</strong></span> <span class='ocrx_word' id='word_1_190' title='bbox 806 2718 959 2784; x_wconf 92' lang='lat' dir='ltr'><strong>nonnullis</strong></span> <span class='ocrx_word' id='word_1_191' title='bbox 983 2720 1087 2783; x_wconf 88' lang='lat' dir='ltr'><strong>autem</strong></span> <span class='ocrx_word' id='word_1_192' title='bbox 1110 2719 1208 2784; x_wconf 90' lang='lat' dir='ltr'><strong>verbis</strong></span> <span class='ocrx_word' id='word_1_193' title='bbox 1233 2738 1303 2784; x_wconf 91' lang='lat' dir='ltr'><strong>cum</strong></span> 
     </span>
     <span class='ocr_line' id='line_1_24' title="bbox 127 2823 1301 2908; baseline 0.003 -19"><span class='ocrx_word' id='word_1_194' title='bbox 127 2844 184 2889; x_wconf 92' lang='lat' dir='ltr'><strong>usu</strong></span> <span class='ocrx_word' id='word_1_195' title='bbox 209 2823 320 2901; x_wconf 89' lang='lat' dir='ltr'><strong>veniat,</strong></span> <span class='ocrx_word' id='word_1_196' title='bbox 344 2827 379 2889; x_wconf 91' lang='lat' dir='ltr'><strong>ut</strong></span> <span class='ocrx_word' id='word_1_197' title='bbox 401 2828 521 2908; x_wconf 90' lang='lat' dir='ltr'><strong>praeter</strong></span> <span class='ocrx_word' id='word_1_198' title='bbox 543 2824 682 2890; x_wconf 90' lang='lat' dir='ltr'><strong>dativum</strong></span> <span class='ocrx_word' id='word_1_199' title='bbox 707 2826 756 2889; x_wconf 93' lang='lat' dir='ltr'><strong>vel</strong></span> <span class='ocrx_word' id='word_1_200' title='bbox 779 2825 1035 2908; x_wconf 91' lang='lat' dir='ltr'><strong>praepositionem</strong></span> <span class='ocrx_word' id='word_1_201' title='bbox 1059 2825 1153 2889; x_wconf 92' lang='lat' dir='ltr'><strong>etiam</strong></span> <span class='ocrx_word' id='word_1_202' title='bbox 1176 2845 1301 2892; x_wconf 87' lang='lat' dir='ltr'><strong>accusa-</strong></span> 
     </span>
     <span class='ocr_line' id='line_1_25' title="bbox 126 2931 1301 3010; baseline 0 -14"><span class='ocrx_word' id='word_1_203' title='bbox 126 2932 224 2997; x_wconf 85' lang='lat' dir='ltr'><strong>tivum</strong></span> <span class='ocrx_word' id='word_1_204' title='bbox 249 2932 434 3010; x_wconf 87' lang='lat' dir='ltr'><strong>admittant,</strong></span> <span class='ocrx_word' id='word_1_205' title='bbox 459 2932 551 2998; x_wconf 86' lang='lat' dir='ltr'><strong>liceat</strong></span> <span class='ocrx_word' id='word_1_206' title='bbox 574 2932 650 2996; x_wconf 91' lang='lat' dir='ltr'><strong>mihi</strong></span> <span class='ocrx_word' id='word_1_207' title='bbox 673 2933 705 2997; x_wconf 95' lang='lat' dir='ltr'><strong>in</strong></span> <span class='ocrx_word' id='word_1_208' title='bbox 729 2932 773 2998; x_wconf 88' lang='lat' dir='ltr'><strong>eis</strong></span> <span class='ocrx_word' id='word_1_209' title='bbox 797 2933 843 2998; x_wconf 91' lang='lat' dir='ltr'><strong>ita</strong></span> <span class='ocrx_word' id='word_1_210' title='bbox 866 2932 991 3009; x_wconf 90' lang='lat' dir='ltr'><strong>versari,</strong></span> <span class='ocrx_word' id='word_1_211' title='bbox 1014 2935 1050 2997; x_wconf 95' lang='lat' dir='ltr'><strong>ut</strong></span> <span class='ocrx_word' id='word_1_212' title='bbox 1072 2931 1172 2997; x_wconf 87' lang='lat' dir='ltr'><strong>varias</strong></span> <span class='ocrx_word' id='word_1_213' title='bbox 1195 2934 1301 2998; x_wconf 77' lang='lat' dir='ltr'><strong>luorum</strong></span> 
     </span>
     <span class='ocr_line' id='line_1_26' title="bbox 129 3040 1302 3129; baseline 0.002 -25"><span class='ocrx_word' id='word_1_214' title='bbox 129 3041 287 3105; x_wconf 89' lang='lat' dir='ltr'><strong>verborum</strong></span> <span class='ocrx_word' id='word_1_215' title='bbox 312 3043 479 3106; x_wconf 89' lang='lat' dir='ltr'><strong>structuras</strong></span> <span class='ocrx_word' id='word_1_216' title='bbox 503 3042 561 3106; x_wconf 92' lang='lat' dir='ltr'><strong>sub</strong></span> <span class='ocrx_word' id='word_1_217' title='bbox 585 3059 645 3106; x_wconf 93' lang='lat' dir='ltr'><strong>uno</strong></span> <span class='ocrx_word' id='word_1_218' title='bbox 669 3040 759 3129; x_wconf 28' lang='lat' dir='ltr'><strong>quasi·</strong></span> <span class='ocrx_word' id='word_1_219' title='bbox 778 3043 940 3123; x_wconf 86' lang='lat' dir='ltr'><strong>conspectu</strong></span> <span class='ocrx_word' id='word_1_220' title='bbox 958 3040 1112 3118; x_wconf 88' lang='lat' dir='ltr'><strong>collocem,</strong></span> <span class='ocrx_word' id='word_1_221' title='bbox 1138 3057 1196 3122; x_wconf 92' lang='lat' dir='ltr'><strong>quo</strong></span> <span class='ocrx_word' id='word_1_222' title='bbox 1212 3041 1302 3106; x_wconf 89' lang='lat' dir='ltr'><strong>modo</strong></span> 
     </span>
     <span class='ocr_line' id='line_1_27' title="bbox 128 3147 1300 3234; baseline 0.003 -23"><span class='ocrx_word' id='word_1_223' title='bbox 128 3150 159 3211; x_wconf 88' lang='lat' dir='ltr'><strong>ot</strong></span> <span class='ocrx_word' id='word_1_224' title='bbox 189 3147 367 3213; x_wconf 89' lang='lat' dir='ltr'><strong>discrimina</strong></span> <span class='ocrx_word' id='word_1_225' title='bbox 399 3167 476 3232; x_wconf 92' lang='lat' dir='ltr'><strong>quae</strong></span> <span class='ocrx_word' id='word_1_226' title='bbox 500 3149 581 3214; x_wconf 88' lang='lat' dir='ltr'><strong>inter</strong></span> <span class='ocrx_word' id='word_1_227' title='bbox 604 3167 655 3214; x_wconf 90' lang='lat' dir='ltr'><strong>eas</strong></span> <span class='ocrx_word' id='word_1_228' title='bbox 678 3149 873 3215; x_wconf 88' lang='lat' dir='ltr'><strong>intercedunt</strong></span> <span class='ocrx_word' id='word_1_229' title='bbox 896 3150 1031 3234; x_wconf 85' lang='lat' dir='ltr'><strong>apertius</strong></span> <span class='ocrx_word' id='word_1_230' title='bbox 1055 3151 1086 3214; x_wconf 89' lang='lat' dir='ltr'><strong>et</strong></span> <span class='ocrx_word' id='word_1_231' title='bbox 1109 3148 1300 3214; x_wconf 83' lang='lat' dir='ltr'><strong>manifestius</strong></span> 
     </span>
     <span class='ocr_line' id='line_1_28' title="bbox 125 3257 1299 3342; baseline 0.003 -24"><span class='ocrx_word' id='word_1_232' title='bbox 125 3257 299 3337; x_wconf 88' lang='lat' dir='ltr'><strong>appareant,</strong></span> <span class='ocrx_word' id='word_1_233' title='bbox 324 3258 356 3320; x_wconf 91' lang='lat' dir='ltr'><strong>et</strong></span> <span class='ocrx_word' id='word_1_234' title='bbox 378 3273 479 3319; x_wconf 89' lang='lat' dir='ltr'><strong>rerum</strong></span> <span class='ocrx_word' id='word_1_235' title='bbox 500 3258 699 3322; x_wconf 90' lang='lat' dir='ltr'><strong>tractatarum</strong></span> <span class='ocrx_word' id='word_1_236' title='bbox 715 3257 916 3339; x_wconf 85' lang='lat' dir='ltr'><strong>perspicuitas</strong></span> <span class='ocrx_word' id='word_1_237' title='bbox 934 3257 1125 3339; x_wconf 84' lang='lat' dir='ltr'><strong>brevitasque</strong></span> <span class='ocrx_word' id='word_1_238' title='bbox 1142 3258 1299 3342; x_wconf 86' lang='lat' dir='ltr'><strong>augeatur.</strong></span> 
     </span>
    </p>
   </div>
   <div class='ocr_carea' id='block_1_3' title="bbox 215 3361 1413 3451">
    <p class='ocr_par' dir='ltr' id='par_1_4' title="bbox 215 3361 1413 3451">
     <span class='ocr_line' id='line_1_29' title="bbox 215 3361 1413 3451; baseline 0.002 -25"><span class='ocrx_word' id='word_1_239' title='bbox 215 3361 315 3443; x_wconf 85' lang='lat' dir='ltr'><strong>Atque</strong></span> <span class='ocrx_word' id='word_1_240' title='bbox 345 3361 474 3444; x_wconf 91' lang='lat' dir='ltr'><strong>nequis</strong></span> <span class='ocrx_word' id='word_1_241' title='bbox 505 3363 642 3445; x_wconf 83' lang='lat' dir='ltr'><strong>ignoret,</strong></span> <span class='ocrx_word' id='word_1_242' title='bbox 682 3383 742 3446; x_wconf 89' lang='lat' dir='ltr'><strong>qua</strong></span> <span class='ocrx_word' id='word_1_243' title='bbox 770 3363 939 3429; x_wconf 88' lang='lat' dir='ltr'><strong>rationein</strong></span> <span class='ocrx_word' id='word_1_244' title='bbox 964 3365 1107 3447; x_wconf 82' lang='lat' dir='ltr'><strong>exemplis</strong></span> <span class='ocrx_word' id='word_1_245' title='bbox 1132 3364 1300 3431; x_wconf 89' lang='lat' dir='ltr'><strong>adferendis</strong></span> <span class='ocrx_word' id='word_1_246' title='bbox 1357 3447 1360 3451; x_wconf 15' lang='grc' dir='ltr'>ι</span> <span class='ocrx_word' id='word_1_247' title='bbox 1411 3418 1413 3422; x_wconf 96' lang='grc'>.</span> 
     </span>
    </p>
   </div>
   <div class='ocr_carea' id='block_1_4' title="bbox 122 3467 1396 4313">
    <p class='ocr_par' dir='ltr' id='par_1_5' title="bbox 125 3467 1396 3671">
     <span class='ocr_line' id='line_1_30' title="bbox 125 3467 1396 3562; baseline 0.005 -31"><span class='ocrx_word' id='word_1_248' title='bbox 125 3485 198 3532; x_wconf 88' lang='lat' dir='ltr'><strong>usus</strong></span> <span class='ocrx_word' id='word_1_249' title='bbox 226 3468 300 3546; x_wconf 89' lang='lat' dir='ltr'><strong>sim,</strong></span> <span class='ocrx_word' id='word_1_250' title='bbox 340 3468 385 3533; x_wconf 85' lang='lat' dir='ltr'><strong>ita</strong></span> <span class='ocrx_word' id='word_1_251' title='bbox 408 3487 443 3533; x_wconf 92' lang='lat' dir='ltr'><strong>ea</strong></span> <span class='ocrx_word' id='word_1_252' title='bbox 466 3467 498 3532; x_wconf 93' lang='lat' dir='ltr'><strong>in</strong></span> <span class='ocrx_word' id='word_1_253' title='bbox 522 3487 553 3534; x_wconf 89' lang='lat' dir='ltr'><strong>re</strong></span> <span class='ocrx_word' id='word_1_254' title='bbox 577 3474 714 3536; x_wconf 89' lang='lat' dir='ltr'><strong>versatus</strong></span> <span class='ocrx_word' id='word_1_255' title='bbox 739 3490 823 3548; x_wconf 90' lang='lat' dir='ltr'><strong>sum,</strong></span> <span class='ocrx_word' id='word_1_256' title='bbox 864 3473 899 3535; x_wconf 91' lang='lat' dir='ltr'><strong>ut</strong></span> <span class='ocrx_word' id='word_1_257' title='bbox 921 3471 1023 3555; x_wconf 92' lang='lat' dir='ltr'><strong>omnia</strong></span> <span class='ocrx_word' id='word_1_258' title='bbox 1047 3473 1184 3555; x_wconf 85' lang='lat' dir='ltr'><strong>exempla</strong></span> <span class='ocrx_word' id='word_1_259' title='bbox 1208 3491 1300 3562; x_wconf 84' lang='lat' dir='ltr'><strong>quam</strong></span> <span class='ocrx_word' id='word_1_260' title='bbox 1365 3470 1396 3524; x_wconf 67' lang='grc' dir='ltr'><em>Ἃ</em></span> 
     </span>
     <span class='ocr_line' id='line_1_31' title="bbox 125 3562 1354 3671; baseline 0.005 -33"><span class='ocrx_word' id='word_1_261' title='bbox 125 3575 352 3642; x_wconf 89' lang='lat' dir='ltr'><strong>accuratissime</strong></span> <span class='ocrx_word' id='word_1_262' title='bbox 376 3579 407 3641; x_wconf 92' lang='lat' dir='ltr'><strong>et</strong></span> <span class='ocrx_word' id='word_1_263' title='bbox 430 3576 667 3659; x_wconf 88' lang='lat' dir='ltr'><strong>diligentissime</strong></span> <span class='ocrx_word' id='word_1_264' title='bbox 692 3577 868 3663; x_wconf 88' lang='lat' dir='ltr'><strong>colligerem</strong></span> <span class='ocrx_word' id='word_1_265' title='bbox 892 3582 923 3644; x_wconf 89' lang='lat' dir='ltr'><strong>et</strong></span> <span class='ocrx_word' id='word_1_266' title='bbox 945 3568 1155 3644; x_wconf 84' lang='lat' dir='ltr'><strong>exscriberem.</strong></span> <span class='ocrx_word' id='word_1_267' title='bbox 1217 3562 1310 3658; x_wconf 77' lang='lat' dir='ltr'><strong>Quin</strong></span> <span class='ocrx_word' id='word_1_268' title='bbox 1341 3638 1354 3671; x_wconf 68' lang='lat' dir='ltr'><strong>s</strong></span> 
     </span>
    </p>

    <p class='ocr_par' dir='ltr' id='par_1_6' title="bbox 125 3670 1364 3773">
     <span class='ocr_line' id='line_1_32' title="bbox 125 3683 1298 3773; baseline 0.003 -27"><span class='ocrx_word' id='word_1_269' title='bbox 125 3683 216 3747; x_wconf 90' lang='lat' dir='ltr'><strong>etiam</strong></span> <span class='ocrx_word' id='word_1_270' title='bbox 240 3687 402 3758; x_wconf 81' lang='lat' dir='ltr'><strong>nonnulla,</strong></span> <span class='ocrx_word' id='word_1_271' title='bbox 439 3704 515 3768; x_wconf 90' lang='lat' dir='ltr'><strong>quae</strong></span> <span class='ocrx_word' id='word_1_272' title='bbox 539 3685 658 3770; x_wconf 90' lang='lat' dir='ltr'><strong>proprie</strong></span> <span class='ocrx_word' id='word_1_273' title='bbox 681 3686 720 3752; x_wconf 91' lang='lat' dir='ltr'><strong>ad</strong></span> <span class='ocrx_word' id='word_1_274' title='bbox 743 3687 821 3752; x_wconf 90' lang='lat' dir='ltr'><strong>hanc</strong></span> <span class='ocrx_word' id='word_1_275' title='bbox 845 3705 937 3770; x_wconf 90' lang='lat' dir='ltr'><strong>qnam</strong></span> <span class='ocrx_word' id='word_1_276' title='bbox 960 3689 1128 3751; x_wconf 90' lang='lat' dir='ltr'><strong>tractamus</strong></span> <span class='ocrx_word' id='word_1_277' title='bbox 1152 3705 1215 3773; x_wconf 79' lang='lat' dir='ltr'><strong>rem</strong></span> <span class='ocrx_word' id='word_1_278' title='bbox 1233 3704 1298 3758; x_wconf 78' lang='lat' dir='ltr'><strong>,non</strong></span> 
     </span>
    </p>

    <p class='ocr_par' dir='ltr' id='par_1_7' title="bbox 122 3779 1372 4313">
     <span class='ocr_line' id='line_1_33' title="bbox 122 3779 1298 3879; baseline 0.003 -24"><span class='ocrx_word' id='word_1_279' title='bbox 122 3792 293 3873; x_wconf 86' lang='lat' dir='ltr'><strong>pertinent,</strong></span> <span class='ocrx_word' id='word_1_280' title='bbox 322 3794 463 3878; x_wconf 84' lang='lat' dir='ltr'><strong>qnoniam</strong></span> <span class='ocrx_word' id='word_1_281' title='bbox 487 3794 744 3879; x_wconf 70' lang='lat' dir='ltr'><strong>praepositionis,</strong></span> <span class='ocrx_word' id='word_1_282' title='bbox 770 3794 902 3878; x_wconf 89' lang='lat' dir='ltr'><strong>quacum</strong></span> <span class='ocrx_word' id='word_1_283' title='bbox 926 3793 1093 3877; x_wconf 91' lang='lat' dir='ltr'><strong>composita</strong></span> <span class='ocrx_word' id='word_1_284' title='bbox 1111 3779 1205 3867; x_wconf 69' lang='lat' dir='ltr'><strong>&#39;sunt</strong></span> <span class='ocrx_word' id='word_1_285' title='bbox 1228 3813 1298 3877; x_wconf 92' lang='lat' dir='ltr'><strong>pro-</strong></span> 
     </span>
     <span class='ocr_line' id='line_1_34' title="bbox 123 3898 1296 3988; baseline 0 -25"><span class='ocrx_word' id='word_1_286' title='bbox 123 3898 189 3982; x_wconf 89' lang='lat' dir='ltr'><strong>pria</strong></span> <span class='ocrx_word' id='word_1_287' title='bbox 210 3899 257 3966; x_wconf 89' lang='lat' dir='ltr'><strong>vis</strong></span> <span class='ocrx_word' id='word_1_288' title='bbox 281 3920 341 3967; x_wconf 94' lang='lat' dir='ltr'><strong>non</strong></span> <span class='ocrx_word' id='word_1_289' title='bbox 365 3905 485 3968; x_wconf 86' lang='lat' dir='ltr'><strong>servata</strong></span> <span class='ocrx_word' id='word_1_290' title='bbox 510 3905 558 3968; x_wconf 89' lang='lat' dir='ltr'><strong>est</strong></span> <span class='ocrx_word' id='word_1_291' title='bbox 582 3921 678 3986; x_wconf 89' lang='lat' dir='ltr'><strong>neque</strong></span> <span class='ocrx_word' id='word_1_292' title='bbox 702 3902 738 3967; x_wconf 92' lang='lat' dir='ltr'><strong>ab</strong></span> <span class='ocrx_word' id='word_1_293' title='bbox 756 3920 798 3968; x_wconf 86' lang='lat' dir='ltr'><strong>¹ea</strong></span> <span class='ocrx_word' id='word_1_294' title='bbox 820 3902 933 3988; x_wconf 92' lang='lat' dir='ltr'><strong>pendet</strong></span> <span class='ocrx_word' id='word_1_295' title='bbox 956 3902 1117 3967; x_wconf 93' lang='lat' dir='ltr'><strong>verborum</strong></span> <span class='ocrx_word' id='word_1_296' title='bbox 1133 3902 1296 3977; x_wconf 90' lang='lat' dir='ltr'><strong>structura,</strong></span> 
     </span>
     <span class='ocr_line' id='line_1_35' title="bbox 124 4006 1336 4097; baseline 0.002 -26"><span class='ocrx_word' id='word_1_297' title='bbox 124 4026 183 4072; x_wconf 93' lang='lat' dir='ltr'><strong>non</strong></span> <span class='ocrx_word' id='word_1_298' title='bbox 216 4008 344 4093; x_wconf 90' lang='lat' dir='ltr'><strong>indigna</strong></span> <span class='ocrx_word' id='word_1_299' title='bbox 367 4030 432 4077; x_wconf 88' lang='lat' dir='ltr'><strong>esse</strong></span> <span class='ocrx_word' id='word_1_300' title='bbox 454 4011 562 4097; x_wconf 91' lang='lat' dir='ltr'><strong>putavi</strong></span> <span class='ocrx_word' id='word_1_301' title='bbox 586 4011 623 4077; x_wconf 86' lang='lat' dir='ltr'><strong>do</strong></span> <span class='ocrx_word' id='word_1_302' title='bbox 648 4011 757 4095; x_wconf 87' lang='lat' dir='ltr'><strong>quibus</strong></span> <span class='ocrx_word' id='word_1_303' title='bbox 781 4028 918 4096; x_wconf 88' lang='lat' dir='ltr'><strong>agerem:</strong></span> <span class='ocrx_word' id='word_1_304' title='bbox 954 4027 1051 4093; x_wconf 89' lang='lat' dir='ltr'><strong>neque</strong></span> <span class='ocrx_word' id='word_1_305' title='bbox 1074 4006 1297 4091; x_wconf 88' lang='lat' dir='ltr'><strong>enim-quoque</strong></span> <span class='ocrx_word' id='word_1_306' title='bbox 1329 4046 1336 4058; x_wconf 91' lang='lat'><strong>·</strong></span> 
     </span>
     <span class='ocr_line' id='line_1_36' title="bbox 122 4109 1297 4206; baseline 0.001 -28"><span class='ocrx_word' id='word_1_307' title='bbox 122 4109 197 4182; x_wconf 74' lang='lat' dir='ltr'><strong>loco‘</strong></span> <span class='ocrx_word' id='word_1_308' title='bbox 215 4117 289 4183; x_wconf 89' lang='lat' dir='ltr'><strong>lines</strong></span> <span class='ocrx_word' id='word_1_309' title='bbox 317 4121 381 4184; x_wconf 88' lang='lat' dir='ltr'><strong>tam</strong></span> <span class='ocrx_word' id='word_1_310' title='bbox 404 4119 479 4186; x_wconf 88' lang='lat' dir='ltr'><strong>certi</strong></span> <span class='ocrx_word' id='word_1_311' title='bbox 503 4123 628 4204; x_wconf 83' lang='lat' dir='ltr'><strong>tamque</strong></span> <span class='ocrx_word' id='word_1_312' title='bbox 650 4119 841 4206; x_wconf 86' lang='lat' dir='ltr'><strong>firmisunt,</strong></span> <span class='ocrx_word' id='word_1_313' title='bbox 878 4119 913 4183; x_wconf 91' lang='lat' dir='ltr'><strong>nt</strong></span> <span class='ocrx_word' id='word_1_314' title='bbox 935 4117 1047 4201; x_wconf 91' lang='lat' dir='ltr'><strong>ubique</strong></span> <span class='ocrx_word' id='word_1_315' title='bbox 1071 4117 1153 4189; x_wconf 89' lang='lat' dir='ltr'><strong>certo</strong></span> <span class='ocrx_word' id='word_1_316' title='bbox 1176 4114 1297 4188; x_wconf 64' lang='lat' dir='ltr'><strong>eviden:</strong></span> 
     </span>
     <span class='ocr_line' id='line_1_37' title="bbox 122 4223 1372 4313; baseline 0 -26"><span class='ocrx_word' id='word_1_317' title='bbox 122 4226 228 4313; x_wconf 89' lang='lat' dir='ltr'><strong>torque</strong></span> <span class='ocrx_word' id='word_1_318' title='bbox 253 4225 311 4289; x_wconf 91' lang='lat' dir='ltr'><strong>dici</strong></span> <span class='ocrx_word' id='word_1_319' title='bbox 335 4226 449 4308; x_wconf 88' lang='lat' dir='ltr'><strong>possit,</strong></span> <span class='ocrx_word' id='word_1_320' title='bbox 481 4228 534 4293; x_wconf 91' lang='lat' dir='ltr'><strong>ubi</strong></span> <span class='ocrx_word' id='word_1_321' title='bbox 557 4227 790 4312; x_wconf 86' lang='lat' dir='ltr'><strong>praepositionis</strong></span> <span class='ocrx_word' id='word_1_322' title='bbox 811 4229 860 4293; x_wconf 89' lang='lat' dir='ltr'><strong>vis</strong></span> <span class='ocrx_word' id='word_1_323' title='bbox 883 4229 1079 4310; x_wconf 85' lang='lat' dir='ltr'><strong>potestasque</strong></span> <span class='ocrx_word' id='word_1_324' title='bbox 1101 4223 1223 4289; x_wconf 86' lang='lat' dir='ltr'><strong>sublata</strong></span> <span class='ocrx_word' id='word_1_325' title='bbox 1245 4223 1294 4299; x_wconf 91' lang='lat' dir='ltr'><strong>sit,</strong></span> <span class='ocrx_word' id='word_1_326' title='bbox 1366 4256 1372 4265; x_wconf 90' lang='lat'>·</span> 
     </span>
    </p>
   </div>
   <div class='ocr_carea' id='block_1_5' title="bbox 0 0 1460 4756">
    <p class='ocr_par' dir='ltr' id='par_1_8' title="bbox 0 0 1460 4756">
     <span class='ocr_line' id='line_1_38' title="bbox 0 0 1460 4756; baseline 0 2"><span class='ocrx_word' id='word_1_327' title='bbox 0 0 1460 4756; x_wconf 95' lang='lat' dir='ltr'><strong> </strong></span> 
     </span>
    </p>
   </div>
  </div>
 </body>
</html>
