2910 4756
629 308 829 371 ..14-

143 503 244 566 autem
269 500 415 566 librorum
438 501 716 585 manuscriptorum
741 501 921 585 scripturam
946 522 1006 568 non
1022 504 1121 568 solum
1136 503 1207 569 ferri
1222 523 1314 586 posse

142 608 371 687 affirmaverim,
413 608 466 674 sed
502 611 599 675 multo
643 610 868 694 significantius
904 611 935 675 et
969 612 1189 677 sententiarum
1224 612 1314 676 nexui

141 717 247 782 multo'
271 716 372 800 aptius
402 716 542 783 eliciendi
571 718 698 784 verbum
723 718 797 782 milri
827 717 946 784 ridetur
968 718 1085 783 dictum
1109 737 1189 795 esse,
1220 737 1313 800 quam

141 822 173 888 id
208 823 287 907 quod
310 825 525 890 Lachmannus
560 826 729 891 mutatione
763 825 873 892 effecit.
936 823 1014 890 (lum
1049 825 1130 890 enim
1162 826 1217 890 hoe
1247 827 1314 890 loco

141 948 240 996 sermo
264 931 306 996 eit
329 933 365 997 de
389 932 563 998 hominibus
586 934 618 998 in
648 936 738 999 rebus
762 932 895 999 adversis
919 932 1063 1011 versatis,
1093 951 1223 1015 cumque
1252 934 1314 998 Lu·

142 1039 254 1104 cretius
288 1039 419 1106 affirmet
453 1028 591 1106 hemines
626 1041 659 1106 in
694 1060 730 1106 ea
764 1041 831 1125 ipsa
860 1059 961 1106 rerum
986 1039 1162 1105 condicione
1184 1057 1314 1122 persona

140 1146 260 1211 sublata
290 1165 392 1212 veram
423 1150 567 1232 praebere
603 1152 632 1214 et
667 1149 815 1214 sinceram
850 1148 990 1232 propriae
1019 1150 1147 1212 naturae
1170 1146 1312 1230 speciem,

142 1255 221 1318 certe
243 1253 382 1319 eliciendi
406 1256 547 1334 verbum,
572 1255 683 1339 quippe
707 1255 787 1339 qued
812 1256 874 1321 rim
898 1256 1009 1320 habeat
1024 1275 1093 1320 eum
1118 1255 1148 1318 ri
1172 1257 1226 1319 aut
1242 1273 1311 1318 cum

142 1359 316 1426 callididate
339 1363 534 1446 extorquendi
558 1368 589 1428 et
613 1366 770 1448 tamquam
795 1361 941 1446 cogendi,
970 1362 1115 1428 hocloco
1139 1361 1314 1444 significan-

141 1468 201 1532 tius
225 1467 335 1534 dicitur
358 1488 449 1552 quam
479 1470 618 1536 eiciendi.

228 1575 408 1642 emittere
444 1595 514 1641 cum
548 1577 784 1661 praepositione:
817 1578 869 1654 IV,
900 1578 967 1644 692
998 1575 1170 1641 ‘emittitur
1200 1595 1236 1640 ex
1259 1577 1310 1643 re!

139 1680 215 1747 (lum
238 1683 388 1749 ablativo:
412 1685 467 1761 IV,
496 1687 562 1752 502
597 1685 753 1750 ‘manibus
778 1685 941 1750 manifesta
964 1684 1027 1748 suis
1052 1683 1211 1751 emittere!
1239 1685 1311 1761 ΙΙΙ,

139 1790 204 1855 548
230 1791 323 1856 ‘foras
347 1791 515 1857 emittimus
540 1794 610 1861 ore!

227 1899 372 1964 exoriri
404 1919 473 1964 eum
501 1900 736 1983 praepositione:
768 1903 799 1978 Ι,
836 1901 898 1966 187
929 1907 961 1964 ‘e
992 1901 1073 1963 terra
1105 1901 1224 1966 exorta!
1269 1900 1311 1976 ΙΙ,

139 2005 204 2072 798
234 2007 344 2071 ‘multo
373 2007 540 2091 proclivius
570 2008 741 2072 exorientur
772 2005 901 2072 candida
931 2006 968 2069 de
998 2006 1081 2070 nullo
1106 2024 1197 2087 quam
1223 2005 1310 2090 nigro

139 2115 210 2177 nata
233 2114 351 2182 colere'
399 2115 455 2191 Vl,
483 2115 546 2178 732
577 2115 729 2180 ‘exoriens
753 2114 874 2197 penitus
897 2112 998 2178 media
1022 2113 1066 2178 ab·
1086 2112 1209 2195 regione
1232 2112 1311 2176 diei!

138 2219 237 2285 Semel
260 2240 329 2286 cum
353 2222 501 2288 ablativo:
525 2224 550 2300 Ι,
574 2224 638 2290 869
672 2233 766 2305 ‘quae
790 2221 880 2288 terris
903 2221 1097 2290 exoriuntur.'

227 2329 422 2411 expellere
445 2349 514 2395 eum
538 2350 639 2416 praep.
667 2332 700 2409 V,
724 2330 768 2397 50
793 2329 860 2413 ‘qui
883 2333 994 2395 cuncta
1017 2328 1171 2413 subegerit
1195 2347 1229 2392 ex
1246 2327 1312 2393 ani·

138 2453 246 2520 meque
270 2437 417 2520 expulerit
440 2437 551 2503 dictis!
591 2439 707 2503 Eodem
730 2439 818 2503 modo
844 2438 1007 2519 eademque
1031 2435 1265 2520 significatione:

228 2561 381 2626 expuere
405 2545 450 2621 ll,
477 2546 561 2610 1041
588 2552 732 2627 ‘expuere
756 2563 790 2608 ex
815 2543 916 2608 animo
939 2543 1110 2609 rationem!

227 2651 443 2733 exprimere
472 2652 566 2716 semel
596 2671 665 2716 cum
694 2650 935 2734 praepositione,
966 2650 1059 2714 semel
1083 2669 1152 2714 cum
1178 2648 1312 2715 ablativo

138 2757 350 2841 coniungitur:
386 2758 423 2837 V,
459 2760 523 2826 487
562 2760 873 2844 ‘expressusaalsus
897 2759 934 2823 de
958 2777 1078 2842 corpore
1102 2756 1211 2825 sudor.'
1259 2758 1312 2832 IV,

138 2865 203 2931 548
228 2866 302 2930 ‘lias
325 2866 418 2951 igitur
441 2886 528 2933 voces
553 2887 621 2932 cum
645 2869 748 2932 uestro
773 2886 893 2951 corpore
917 2866 1134 2949 exprimimus!

226 2972 374 3056 eripere
399 2994 467 3040 cum
491 2994 594 3059 praep.
619 2976 648 3052 Ι,
674 2976 739 3041 218
765 2982 811 3039 ‘ex
836 2975 932 3040 oculis
956 2993 1003 3039 res
1028 2991 1162 3055 quaeque
1186 2974 1311 3055 repente

136 3082 238 3164 erepta
260 3080 390 3163 periret!
436 3080 514 3147 Oum
545 3083 648 3148 dativo
677 3100 838 3166 personae:
871 3083 895 3160 Ι,
928 3081 1014 3148 1116
1039 3079 1115 3145 ‘tibi
1139 3097 1229 3151 caeca
1253 3097 1312 3143 uox

138 3187 196 3253 iter
218 3187 342 3271 eripiet!

227 3299 441 3362 eructare
491 3299 556 3376 ΙΙΙ,
602 3299 685 3364 1010
743 3298 918 3364 ‘horriferos
979 3297 1120 3362 eructans
1172 3295 1311 3361 faucibus

138 3405 259 3469 aestus!

226 3531 428 3597 erumpere
458 3512 618 3579 Lueretius
649 3513 712 3579 sire
742 3513 842 3580 activo
865 3513 928 3580 sive
952 3513 1082 3579 neutrali
1105 3530 1196 3577 sensu
1221 3527 1310 3574 usur-

137 3623 243 3704 patum
266 3639 385 3706 semper
408 3640 476 3686 cum
501 3622 581 3686 nude
610 3622 743 3689 ablativo
773 3623 945 3706 coniungit:
981 3623 1015 3699 Ι,
1048 3621 1111 3687 162
1136 3626 1310 3701 ‘erumpere

137 3729 247 3797 caelc.'
293 3731 323 3807 Ι,
361 3730 425 3793 724
462 3729 615 3795 ‘faucibus
650 3734 773 3814 eruptos
808 3729 909 3814 ignis'
965 3730 1016 3806 IV,
1056 3729 1138 3794 1107
1177 3726 1246 3790 ‘ubi
1279 3744 1311 3789 se

137 3838 238 3921 erupit
260 3837 360 3904 nervis
392 3836 529 3903 conlecta
559 3838 687 3922 cupido.'
739 3838 776 3917 V,
800 3837 866 3906 458
897 3841 1012 3904 ‘terrae
1040 3835 1176 3920 partibus
1210 3852 1310 3897 erum·

137 3945 230 4030 pens!
276 3946 400 4024 V,.949
425 3952 598 4029 ‘erumpere
621 3948 746 4030 campo!

226 4054 419 4120 exsistere
443 4073 511 4118 cum
535 4073 637 4137 praep.
662 4055 703 4134 ΙΙ,
729 4055 791 4119 871
818 4054 913 4120 ‘rivos
938 4053 1081 4118 exsistere
1097 4067 1216 4115 uermes
1232 4052 1310 4114 eter-

139 4181 208 4230 core
231 4163 268 4229 de
290 4164 408 4230 taetre.'
