2910 4756
625 273 828 337 ...29-

140 468 240 532 vorbis
269 467 424 532 coniuncti
456 467 662 549 reperiuntur,
698 484 804 529 omnes
835 466 895 528 lere
921 465 957 528 ad
982 465 1010 528 id
1037 483 1133 546 genus
1157 462 1319 530 revocandi

141 577 215 639 sunt
239 575 318 656 quod
342 574 473 637 dicimus
497 573 646 637 commodi
672 574 719 638 vel
743 572 943 645 incommodi,
968 573 1029 636 ita:

236 682 421 764 praebere
445 683 484 757 ΙΙ,
510 681 551 744 96
575 683 619 743 ‘tu
643 684 674 744 te
700 679 789 744 dietis
813 679 954 761 praebere
978 676 1151 743 memento.²
1198 679 1239 752 ΙΙ,
1257 679 1320 743 597

141 788 231 852 ‘unde
255 788 349 852 etiarn
373 787 479 851 duvios
503 787 621 851 frondes
646 789 676 851 et
699 787 810 869 pabula
833 786 913 850 laeta
934 786 1110 869 montivago
1127 785 1232 868 generi
1248 803 1319 868 pos·

144 895 185 960 sit
208 895 351 979 praebere
375 894 526 958 ferarum!
574 894 628 970 IV,
652 895 716 958 869
742 894 908 958 ‘stomacho
933 895 1080 976 praebent
1095 893 1235 957 incendia
1251 910 1319 955 nos·

146 1001 211 1065 tro!
259 1003 296 1078 V,
321 1003 384 1067 989
410 1001 522 1084 pabula
545 1001 616 1065 viva
639 1001 709 1064 feris
734 999 919 1084 praebebat’

232 1109 553 1191 praemonstrare
577 1109 639 1183 Vl,
665 1109 707 1172 93
732 1107 817 1171 ‘mihi
842 1107 974 1189 spatium
1000 1107 1230 1190 praemonstra'

230 1213 488 1297 praepandere
521 1216 550 1291 Ι,
582 1215 647 1280 144
682 1215 774 1279 ‘clara
806 1217 878 1279 tuae
906 1214 1021 1297 possim
1046 1215 1246 1297 praepandere
1271 1212 1320 1276 lu-

143 1321 226 1385 mina
249 1321 365 1385 menti'
463 1343 465 1348 ·

231 1431 501 1511 praemetuere
530 1430 590 1504 ΙΙΙ,
619 1430 701 1493 1017
728 1436 826 1494 ‘mens
851 1408 1170 1513 sibip1·aemotuons.⁷

232 1536 489 1616 praecludere
519 1538 548 1611 Ι,
573 1540 636 1602 975
662 1537 729 1599 ‘tibi
754 1538 902 1619 effugium
926 1535 1114 1621 praecludit!
1162 1535 1229 1612 ΙΙΙ,
1255 1536 1318 1600 522

143 1642 301 1726 ‘effugium
324 1643 517 1727 praecludere
541 1641 647 1707 euntis
704 1644 742 1718 V,
768 1645 830 1712 373
856 1644 945 1708 ‘haud
969 1645 1062 1725 igitur
1084 1642 1138 1706 leti
1163 1642 1322 1723 praeclusa

144 1750 191 1813 ost
215 1750 306 1814 ianua
330 1749 432 1816 caelo.'
480 1753 525 1814 lix
548 1751 658 1833 quibus
683 1751 828 1832 exemplis
854 1751 1018 1816 Goebelius
1043 1750 1134 1813 nimis
1160 1751 1267 1831 argute
1292 1751 1322 1812 et

143 1856 264 1938 spinoso
288 1858 402 1922 allicere
427 1857 486 1922 sibi
512 1858 628 1922 videtur
652 1860 743 1941 (mus.
769 1859 852 1925 rhen.
877 1857 942 1921 llll.
968 1877 997 1939 p.
1022 1857 1102 1933 418)
1122 1857 1179 1919 hoc
1196 1857 1319 1919 verbum

142 1982 260 2046 semper
289 1983 359 2028 cunr
390 1964 492 2030 dativo
522 1965 668 2048 coniungi
693 1983 816 2030 necesse
840 1984 923 2039 esso,
978 1982 1069 2047 quare
1092 1964 1122 2039 Ι,
1150 1965 1213 2029 321
1240 1962 1320 2026 huno

142 2089 245 2134 casum
270 2075 375 2136 contra
398 2071 536 2136 codicum
561 2072 774 2136 auctoritatem
798 2072 934 2136 restituit
958 2072 1002 2135 sic
1025 2071 1158 2135 scribens
1176 2068 1321 2151 ‘praeclu-

142 2177 185 2241 sit
208 2179 336 2260 speciem
361 2181 471 2242 natura
486 2178 623 2242 videnti!
669 2179 831 2242 Librorum
848 2179 1122 2260 manuscriptorum
1139 2176 1230 2240 lectio
1248 2177 1321 2238 lraec

142 2287 206 2347 ost:
247 2285 360 2350 ‘invida
389 2289 557 2369 praecluent
588 2287 718 2371 speeiem
750 2289 858 2350 natura
890 2283 1029 2350 videndi!
1098 2285 1162 2347 lan]
1193 2284 1319 2365 apparet

144 2391 288 2473 ‘speciem
312 2392 442 2457 videndi’
469 2395 583 2459 nullam
609 2413 689 2472 csse,
731 2393 810 2476 quod
835 2392 993 2456 Bentleius
1017 2390 1186 2472 perspexit,
1226 2407 1319 2471 quara

142 2499 273 2562 mutatio
297 2500 432 2566 iacienda
456 2504 512 2565 est.
560 2501 723 2567 Goebelius
747 2501 853 2584 igitur,
878 2519 947 2564 curn
971 2499 1119 2562 rationem
1144 2496 1227 2561 vorti
1251 2514 1321 2559 cen·

143 2608 208 2668 seat
230 2606 366 2671 dativum
391 2609 560 2673 necessario
584 2608 737 2692 postulare
758 2608 845 2691 quasi
862 2606 1105 2688 supplementum
1123 2602 1202 2687 quod
1219 2603 1320 2667 omitti

142 2731 201 2774 non
227 2714 338 2794 possit,
377 2715 499 2797 scripsit
521 2735 575 2797 pro
599 2715 739 2780 ‘videndi'
766 2714 911 2779 ‘videnti'
960 2712 1019 2778 Sed
1043 2730 1139 2795 neque
1164 2731 1198 2776 ex
1221 2711 1318 2775 tribus

144 2819 289 2902 exemplis
306 2821 498 2886 Lucretianis
523 2823 602 2886 ellici
624 2824 724 2905 potest
748 2823 829 2886 lrunc
853 2839 957 2884 casum
981 2839 1100 2901 semper
1118 2819 1320 2883 necessarium

144 2944 225 3003 esse,
266 2946 320 2991 uec
355 2927 443 2992 video
479 2947 532 2993 cur
567 2930 643 2993 ratio
675 2929 759 2994 verbi
783 2926 879 3012 ipsius
904 2947 973 2992 eum
997 2927 1166 2992 necessario
1191 2925 1319 3010 flagitet.

142 3035 244 3115 Atque
274 3053 310 3098 ne
340 3035 405 3117 ipse
430 3035 551 3118 quidem
576 3038 624 3101 lric
647 3037 785 3112 dativus,
821 3055 910 3120 quem
935 3036 1042 3100 doctus
1065 3035 1117 3098 ille
1140 3033 1187 3096 vir
1210 3033 1319 3108 effecit,

145 3140 234 3221 plane
259 3143 404 3222 quadrare
428 3144 504 3207 milri
528 3144 650 3210 videtur
674 3144 712 3208 ad
736 3145 955 3210 sententiarum
979 3161 1100 3219 nexum,
1126 3161 1194 3205 oum
1211 3142 1320 3205 natura

141 3245 261 3310 dicatur
291 3249 377 3313 nobis
408 3250 529 3315 videndi
562 3251 739 3316 facultatem
771 3271 831 3316 non
860 3250 1015 3315 tribuisse.
1075 3248 1174 3327 Quam
1198 3249 1320 3311 senten-

141 3354 218 3418 tiam
244 3356 355 3437 optimc
379 3359 590 3423 Laclunannus
615 3359 782 3424 reddidisse
807 3359 881 3423 milri
905 3357 1025 3422 videtur
1048 3356 1205 3421 scribendo
1229 3352 1320 3418 ‘invi-

143 3459 194 3524 dia
217 3464 380 3545 praeclusit
403 3466 536 3546 spatium
562 3469 669 3531 natura
692 3467 836 3532 ridendi)

233 3571 332 3635 Verba
348 3574 449 3637 autem
466 3592 543 3654 quae
560 3592 593 3636 ex
610 3573 725 3638 ratione
738 3573 980 3655 praepositionis,¹
1002 3589 1132 3653 quacum
1150 3569 1320 3650 composita

141 3679 222 3751 sunt,
249 3680 279 3741 et
303 3697 337 3742 er
355 3679 577 3763 significatione
594 3680 665 3744 inde
682 3682 807 3763 accepta
824 3679 1017 3744 construendi
1033 3678 1183 3742 rationem
1200 3664 1309 3759 petunt

140 3783 199 3847 duo
224 3784 340 3849 inveni:
365 3790 518 3868 praestare
543 3789 573 3850 et
596 3787 781 3870 praecedere,
807 3805 935 3867 quorum
959 3785 1034 3849 illud
1058 3803 1175 3865 sempor
1199 3783 1318 3848 intrau-

137 3889 229 3954 sitiro
253 3892 273 3957 i.
301 3912 326 3960 9.
351 3912 420 3957 oum
445 3893 545 3958 dativo
570 3896 624 3958 ant
649 3894 786 3959 absolute
809 3894 989 3975 usurpatur,
1015 3892 1144 3956 alterum
1169 3908 1229 3953 uno
1253 3889 1318 3953 loeo

139 3996 193 4060 ubi
217 3997 332 4081 legitur
355 4000 562 4065 accusativum
589 3999 771 4081 admittier)

139 4106 300 4115 ——-

207 4138 233 4206 Ι)
252 4143 372 4208 vulgaris
391 4145 455 4194 haec
474 4151 512 4194 est
530 4147 663 4211 utriusque
681 4145 750 4194 verbi
769 4151 896 4196 structura
916 4145 946 4194 cl.
967 4145 1007 4192 Fr.
1021 4144 1122 4192 Ellendt
1141 4143 1186 4191 lat.
1206 4156 1310 4206 gramm.

135 4229 175 4278 cd.
195 4228 231 4281 M.
251 4229 360 4294 Seyffert
379 4247 487 4297 prooem.
509 4249 533 4298 p.
553 4232 570 4283 6
589 4249 625 4298 sq.
