2910 4756
550 271 808 357 '-ev-

121 487 333 571 monosyllaba
355 480 448 567 longa
472 485 526 549 aut
549 483 650 549 medlo
673 482 745 547 elidi
769 482 800 546 in
825 483 917 560 brevi,
942 483 1001 547 nisi
1025 501 1101 566 quae
1124 483 1189 548 sint
1210 485 1294 549 inde-

121 594 276 659 clinabilia
301 596 355 658 ant
377 593 503 657 dentone
527 592 658 656 formata
687 590 787 655 aliena
818 610 836 653 a
859 591 1006 674 legitimis
1031 592 1172 668 modulis,
1197 583 1295 675 neque

91 748 92 751 ,
123 722 267 784 umquam
292 701 372 783 apud
396 699 560 782 dactylicos
584 700 650 763 tota
673 698 764 762 verba
788 697 1007 787 absorbeantpr
1036 684 1181 783 elisione)
1230 699 1296 778 Quo

122 809 242 873 aocedIt
272 808 351 890 quod
380 807 516 873 ‘officere‘
545 804 624 887 qnod
654 805 869 869 Lachmannus
901 823 954 888 pro
972 805 1122 873 ‘efficere’
1150 807 1306 882 1111111111»

121 916 216 980 tribus
241 916 313 980 locis
338 934 412 997 quos
436 913 525 977 modo
547 913 639 978 citavi
663 913 869 978 accusativum
894 913 1032 990 assumit,
1058 915 1220 1002 oum-huie
1243 916 1296 979 uni

117 1024 184 1087 loco
210 1021 399 1086 Laclrmanni
432 1020 604 1084 coniectura
636 1019 756 1084 dativus
787 1005 1308 1102 11·111111111·’-(]11111111111111111

120 1129 217 1194 levius
242 1130 302 1205 est,
327 1128 470 1209 quoniam
501 1128 576 1191 haec
600 1127 679 1208 apud
704 1126 781 1191 alios
805 1127 968 1209 scriptores
996 1128 1110 1193 usitata
1135 1131 1181 1193 est
1203 1131 1295 1194 huius
1388 1166 1390 1170 v

120 1237 202 1302 verbi
234 1237 381 1319 syntaxis.
430 1235 483 1299 I'el
515 1234 777 1317 rnarimeautem
802 1235 914 1299 arridet
941 1235 997 1298 hoc
1020 1235 1119 1317 ipsum
1145 1237 1293 1314 ‘officere'

62 1423 66 1430 .
120 1344 228 1426 quippe
259 1342 339 1424 quod
370 1341 591 1406 sententiarum
623 1342 749 1406 conerui
780 1343 859 1406 certe
882 1342 1074 1424 aptissimum
1100 1343 1150 1410 sit.
1198 1343 1298 1422 Quare

77 1531 79 1534 y
123 1453 179 1516 Iroo
210 1450 393 1533 acceperim,
424 1449 476 1513 sed
509 1449 580 1531 quid
612 1449 649 1513 ad
678 1468 799 1514 versum
832 1448 1009 1531 explendum
1041 1450 1232 1514 adiciendum
1257 1451 1298 1516 sit

75 1540 89 1548 '⁴
121 1562 201 1623 certo
219 1556 279 1621 dici
296 1557 411 1638 nequit.
443 1557 523 1621 Mihi
547 1575 628 1620 nune
651 1555 683 1619 in
700 1557 841 1639 promptu
866 1558 996 1634 nonest,
1022 1542 1101 1638 quod
1118 1559 1155 1622 ad
1178 1557 1297 1623 litteras

63 1703 67 1725 1
120 1665 248 1730 tradItas
264 1683 357 1747 prope
373 1641 509 1755 accedat:
535 1664 613 1744 quod
631 1663 668 1727 ad
682 1664 915 1745 grammaticam
929 1667 960 1727 et
972 1665 1131 1729 metricam
1149 1666 1298 1730 rationem

121 1773 258 1855 quodque
275 1771 452 1836 adsensum
470 1771 591 1847 attinet,
616 1771 719 1834 omnia
735 1773 815 1835 recte
832 1790 897 1834 sese
914 1771 1068 1848 haberent,
1086 1772 1113 1836 si
1129 1773 1298 1856 legeremus

121 1880 231 1944 omissa
255 1898 327 1943 voce
352 1878 400 1942 ‘vi'
427 1878 495 1943 ‘loci
519 1879 586 1942 ibus
618 1878 730 1955 elficit,'
759 1898 831 1943 nam
862 1879 892 1941 in
917 1879 1005 1942 hiatu
1029 1898 1089 1943 non
1113 1880 1298 1944 haerendum

115 1988 176 2064 est,
202 1988 345 2069 queniam
370 2004 511 2051 caesurae
536 1985 566 2050 vi
589 1986 799 2069 potestateque
823 1986 897 2050 satis
929 1987 1099 2054 excusatur.
1151 1985 1247 2064 Quem
1271 1987 1298 2051 si

13 2101 19 2114 ’
120 2095 190 2176 quis
213 2113 366 2159 removere
382 2094 457 2170 vult,
482 2093 566 2176 legat
589 2112 615 2160 e.
639 2113 669 2177 g.
695 2093 763 2157 ‘loci
780 2094 885 2175 procul
903 2093 1004 2157 allicit’
1022 2096 1077 2158 aut
1101 2093 1169 2158 ‘loci
1193 2095 1299 2177 probet

121 2200 274 2281 efficitque
303 2200 370 2283 ipsa
401 2201 518 2283 suapte’
550 2201 598 2264 vel
628 2200 688 2264 tale
719 2199 877 2281 aliquid.*)
901 2199 1042 2265 Ceterum
1070 2200 1149 2265 idem
1175 2202 1298 2265 verbum

71 2315 80 2330 ⁸
121 2328 181 2374 uno
194 2309 260 2373 loco
277 2307 500 2376 restituendum
513 2325 578 2371 esse
590 2324 769 2388 persuasum
786 2307 890 2382 habeo,
907 2307 960 2371 ubi
975 2307 1092 2372 codIces
1106 2309 1136 2371 et
1148 2306 1297 2372 editiones

120 2417 268 2499 praebent
291 2413 436 2479 ‘efficere'
476 2416 500 2490 I,
526 2414 589 2478 977
616 2415 705 2496 vulgo
724 2414 768 2478 sio
792 2414 947 2478 exhibetur
972 2421 1052 2478 ‘nam
1070 2414 1134 2478 sive
1164 2417 1210 2479 est
1240 2415 1297 2479 ali-

121 2523 192 2606 quid
210 2522 289 2605 quod
306 2522 490 2604 probeatque
508 2521 690 2603 efficiatque,
716 2539 775 2603 quo
788 2521 884 2585 minu’
908 2539 966 2604 quo
981 2521 1111 2585 missum
1136 2524 1181 2586 est
1198 2523 1299 2588 veniat

121 2631 233 2712 finique
248 2631 328 2694 locet
343 2633 395 2695 se!
434 2633 500 2715 Ego
523 2647 577 2712 pro
596 2629 722 2694 ‘efficiat'
734 2629 930 2694 scribendum
947 2648 1052 2693 censeo
1069 2648 1138 2693 curn
1155 2629 1298 2712 Briegero

123 2737 240 2820 (philol.
263 2737 370 2801 XXIII
385 2757 417 2819 p.
435 2736 512 2813 635)
529 2736 677 2812 ‘officiatd
701 2736 849 2800 efficiendi
866 2737 947 2800 enim
972 2737 1098 2800 verbum
1114 2746 1182 2800 oum
1206 2737 1301 2820 parti·

124 2846 194 2909 cula
219 2845 288 2926 ‘quo
312 2843 423 2908 minus'
448 2861 506 2907 non
531 2842 737 2926 coniungitur,
760 2844 851 2908 verba
875 2844 978 2907 autem
1001 2843 1185 2926 impedIendi
1210 2863 1300 2927 saepe

121 2954 196 3017 bina
226 2952 310 3016 iuxta
341 2951 487 3015 collocata
519 2949 716 3014 inveniuntur
744 2949 784 3017 cf.
809 2952 849 3027 11,
876 2951 956 3024 7863
987 2952 1012 3026 1,
1039 2951 1121 3025 7803
1152 2952 1299 3032 11.280‚

124 3060 266 3137 79111,
294 3059 369 3124 716.

153 3229 156 3234 Α
213 3166 446 3249 AmplissImum
481 3165 639 3231 verborum
664 3165 928 3230 intransitivorum
949 3183 1095 3249 campum
1119 3183 1196 3248 quae
1220 3185 1302 3230 com-

128 3273 279 3357 positione
305 3273 337 3337 in
361 3275 556 3339 transilivam
581 3274 695 3338 abeunt
718 3273 790 3351 vim,
814 3293 848 3338 ea
872 3271 951 3356 apud
967 3273 1143 3338 Lucretium
1161 3273 1301 3337 obtinent

126 3383 233 3458 verba,
273 3400 349 3462 quae
381 3398 451 3444 oum
484 3382 554 3461 ‘per'
584 3381 807 3464 praepositione
831 3380 1000 3462 composita
1023 3382 1104 3445 sunt.
1173 3381 1303 3445 Exstant

124 3491 226 3554 antem
251 3489 343 3552 haec:

214 3613 429 3677 peragrare
452 3593 612 3659 Lucretius
649 3613 765 3676 semper
799 3613 867 3659 curn
896 3595 1068 3660 accusativo
1098 3595 1191 3678 spatii
1221 3596 1301 3677 quod

124 3702 192 3784 quis
223 3702 402 3784 permet'tur
435 3701 610 3784 oonIungit:
647 3703 677 3779 1,
712 3701 753 3767 74
784 3709 884 3766 ‘omne
913 3702 1085 3766 inmensum
1108 3704 1299 3787 peragravit!

125 3812 159 3886 Ι,
184 3811 249 3874 926
276 3808 354 3874 ‘avia
378 3809 534 3874 Pieridum
556 3827 684 3894 peragro
708 3809 793 3874 loca’
839 3810 879 3883 II,
904 3811 968 3876 355
993 3808 1108 3874 ‘viridis
1132 3810 1228 3874 saltus
1252 3829 1301 3874 or-

125 3918 212 3981 bata
227 3919 413 4001 peragrans!
475 3915 521 3995 ΙΙ,
552 3917 615 3981 676
650 3918 760 3981 ‘cetera
782 3916 934 3982 consimili
958 3916 1070 3981 mentis
1093 3917 1211 3982 ratione
1233 3937 1302 3999 per·

196 4170 222 4237 *)
241 4171 272 4221 In
290 4171 392 4222 Mnnroi
410 4173 555 4224 coniectura
568 4187 633 4238 quae
652 4179 690 4222 cst
709 4172 761 4220 ‘sed
780 4176 874 4221 natura
892 4171 940 4222 loci
959 4185 1007 4237 ope
1020 4167 1114 4221 suflicit
1131 4177 1187 4236 ipsa
1199 4171 1298 4236 suopte’

125 4277 175 4311 non
194 4263 257 4311 satis
277 4267 384 4326 apparet
404 4263 464 4327 qutd
483 4264 515 4312 sit
533 4263 596 4312 illud
617 4267 672 4328 ‘ope
691 4262 824 4313 sulficere?
