2910 4756
623 287 825 350 „40-

138 478 240 543 aetas'.
287 479 335 555 ll,
363 479 445 544 1167
472 478 669 561 ‘temporibus
694 479 885 562 praeteritis’.
935 480 998 559 ΙΙΙ,
1013 459 1085 550 4853
1109 481 1315 567 ‘praetqritum

137 585 290 669 spatium)
402 602 404 607 ·
662 649 665 659 ,
714 583 716 588 ’

185 776 186 779 ¹
227 696 271 758 Er
295 695 395 758 verbis
419 713 488 759 oum
514 696 590 761 ‘sub'
614 683 838 779 praepositione
853 697 1029 778 compositis
1045 715 1140 762 unum
1164 697 1314 763 ‘subire'

137 801 338 865 memorabile
367 803 423 868 est.
472 804 517 879 II‚·
538 804 607 868 363·
634 802 751 868 codices
782 804 928 886 praebent
951 805 1155 887 ‘subitamque
1179 807 1315 870 avertere

136 910 248 973 curam’
284 908 363 989 quod
399 910 557 974 confirmat
584 910 776 975 ¹Macrobius
808 912 839 974 et
878 913 1006 994 probant
1042 911 1247 979 Wakefieldus
1284 916 1315 978 et

136 1016 296 1080 Mumoius
320 1016 352 1080 in
376 1016 509 1082 editione
534 1019 638 1082 altera.
671 1018 710 1082 lli
724 1017 893 1083 rectissime
915 1019 1047 1102 quidem,
1071 1021 1153 1102 puto,
1177 1018 1315 1085 subitam

139 1144 242 1189 euram
271 1125 316 1188 ita
345 1125 538 1207 interpretari
571 1125 645 1190 licet
661 1127 710 1208 ‚ut
739 1125 818 1190 idem
851 1126 894 1190 sit
922 1127 1013 1208 atque
1029 1117 1085 1190 *id
1116 1145 1206 1191 curae
1235 1127 1316 1209 quod

139 1250 206 1296 eam
230 1233 287 1314 (sc.
324 1234 466 1309 matrem)
489 1232 633 1316 subiit.’*)
679 1232 763 1310 Quae
794 1233 915 1315 quidem
946 1233 1100 1298 verborum
1130 1234 1318 1298 constructio

137 1342 212 1403 satis
236 1339 311 1403 milri
344 1338 464 1404 videtur
488 1339 685 1405 constabilita
708 1358 773 1404 esse
798 1340 941 1422 analogia
963 1341 1030 1416 illa,
1056 1359 1115 1422 qua
1138 1341 1198 1405 alia
1221 1325 1317 1423 parti-

139 1446 219 1528 cipia
247 1447 362 1528 passivi
394 1447 584 1528 maximeque
615 1467 632 1511 a
662 1446 839 1529 compositis
872 1448 910 1512 ab
944 1447 1034 1512 eundi
1065 1448 1154 1514 verbo
1177 1448 1316 1512 derivata

140 1553 244 1618 eodem
261 1556 350 1619 modo
367 1558 565 1636 usurpantur:
590 1555 634 1619 ita
650 1554 872 1637 ‘praeteritum’
890 1555 927 1618 de
944 1574 1002 1636 quo
1019 1555 1088 1621 vide
1102 1557 1194 1638 paulo
1211 1574 1314 1639 supra.

142 1661 188 1725 Ac
211 1680 249 1726 ne
275 1662 401 1746 simplex
425 1662 546 1744 quidem
571 1661 662 1726 eundi
686 1663 812 1726 verbum
828 1661 946 1745 passive
971 1663 1001 1726 et
1015 1662 1214 1744 personaliter
1230 1680 1319 1727 usur·
1365 1740 1367 1746 Ι

136 1771 246 1850 parum
265 1769 406 1834 abhorret
423 1789 440 1834 a
457 1787 592 1835 sermone
609 1769 731 1846 Latino,
757 1769 800 1833 ita
812 1769 948 1834 Lucilius
961 1770 1038 1852 apud
1051 1769 1082 1834 N
1084 1768 1189 1834 onium
1204 1788 1234 1853 p.
1252 1770 1317 1835 449

142 1875 320 1952 intereunt,
354 1875 514 1951 labuntur,
546 1878 655 1940 cuntur
686 1876 790 1940 omnia
825 1878 966 1941 versum'
1018 1877 1233 1941 Lachmannus
1265 1895 1319 1958 pro

139 1983 292 2048 ‘subitam’
318 1984 442 2066 scripsit
467 1984 621 2061 ‘solitam’
646 1983 726 2065 quod
749 1983 852 2048 minus
874 1985 981 2067 placet,
1012 1984 1121 2066 quippe
1144 2001 1221 2065 quae
1244 2001 1320 2047 eura

138 2108 234 2172 nuper
249 2091 371 2172 recepta
388 2094 419 2155 et
435 2110 496 2155 non
513 2091 629 2155 usitata
652 2090 703 2155 sit.
743 2091 849 2184 Altero
872 2091 938 2155 loco
962 2109 1020 2172 quo
1045 2093 1170 2156 verbum
1194 2090 1317 2155 ‘subire'

136 2197 252 2282 legitur
276 2217 367 2279 quam
391 2197 527 2280 proxime
543 2198 661 2262 accedit
685 2197 722 2262 ad
738 2197 800 2262 vim
817 2198 966 2263 obeundi:
991 2199 1042 2275 Vl,
1070 2199 1154 2264 1243
1172 2197 1317 2279 ‘optimus
1384 2269 1387 2274 ⁸

137 2304 196 2369 hoo
219 2306 273 2370 leti
297 2324 393 2387 genus
417 2324 487 2390 ergo
512 2305 640 2387 quisque
663 2305 806 2373 subibat?

228 2412 304 2477 Cum
335 2413 441 2495 ‘super'
477 2413 701 2495 praepositione
741 2409 944 2494 compositum
979 2432 1072 2476 unum
1102 2412 1256 2478 iuvenitur
1285 2413 1316 2476 in

138 2520 274 2585 Lucretii
293 2520 509 2601 manuscriptis
524 2521 657 2596 verbum,
676 2520 756 2602 quod
773 2520 982 2584 accusativum
995 2520 1130 2603 patitur:
1155 2521 1210 2597 ΙΙΙ,
1227 2521 1316 2585 1029

138 2628 246 2692 ‘salsas
271 2627 375 2691 docuit
399 2626 532 2709 superire
555 2627 701 2691 lacunas!
747 2627 962 2691 Lachmannus
987 2644 1105 2691 versum
1129 2645 1182 2709 pro
1211 2625 1316 2708 spurio

137 2737 245 2812 habet,
280 2733 389 2817 quippe
422 2734 474 2816 qui
506 2720 727 2799 intolerabilem
761 2735 872 2799 efficiat
904 2734 1051 2801 orationis
1085 2734 1317 2802 abundantiam.

136 2842 203 2920 Qua
242 2842 274 2905 in
305 2861 336 2907 re
367 2842 394 2907 ei
424 2842 565 2907 assentiri
595 2842 653 2906 non
683 2861 808 2925 possum
839 2845 869 2906 et
900 2842 1093 2907 retinendum
1121 2860 1226 2907 conseo
1250 2859 1317 2906 esso

136 2969 269 3036 versum,
296 2951 384 3014 modo
408 2952 526 3014 mutato
552 2950 704 3032 ‘superire’
729 2949 761 3013 iu
787 2950 945 3032 ‘superare'
970 2950 1125 3015 veteribus
1148 2949 1315 3014 editoribus

138 3061 168 3123 et
181 3057 321 3122 Munroio
335 3057 560 3139 praeeuntibus.
586 3057 745 3140 ‘Superire'
759 3057 839 3121 enim
851 3057 928 3122 alias
936 3077 996 3122 non
1005 3058 1128 3141 legitur,
1141 3055 1317 3139 saepissime

137 3167 239 3229 autem
278 3164 357 3246 apud
393 3183 496 3229 omnes
534 3163 694 3246 scriptores
731 3166 850 3229 montes
891 3183 974 3228 mare
1014 3164 1141 3228 flumina
1181 3164 1316 3246 superari

100 3305 102 3310 ,
140 3271 294 3336 dicuntur.
332 3272 434 3354 Atque
457 3271 550 3335 etiam
567 3270 789 3353 significantius
805 3273 960 3353 multoque
977 3272 1077 3336 acrius
1092 3271 1226 3336 hocloco
1243 3289 1315 3354 sup-

138 3377 243 3444 erandi
285 3397 358 3456 vox,
400 3398 528 3460 quacum
560 3396 680 3462 pugnae
714 3379 901 3461 periculique
932 3379 1077 3463 cogitatio
1109 3377 1315 3462 coniungitur,

43 3557 45 3560 ,
103 3558 105 3562 ⁴
137 3485 313 3563 adhibetur,
346 3486 489 3568 quoniam
521 3488 557 3551 de
587 3487 684 3551 Xerxe
716 3505 814 3551 sermo
846 3489 910 3564 est,
941 3487 993 3569 qui
1022 3487 1141 3571 magnis
1172 3485 1314 3568 periculis

23 3627 27 3636 ·
88 3617 89 3620 ¹
137 3593 320 3675 magnisque
344 3595 451 3677 opibus
477 3594 640 3658 exereitum
665 3595 897 3677 Hellespontum
921 3593 1105 3676 traiecit.**)

209 3702 516 3780 ,transcendere
539 3703 596 3778 ΙΙΙ,
622 3703 664 3765 60
689 3701 910 3766 ‘transcendere
934 3701 1021 3768 finis'

226 3812 502 3873 transcurrere
522 3811 563 3886 ll,
592 3810 653 3874 163
678 3809 747 3872 ‘loci
764 3808 897 3891 spatium
914 3809 1135 3873 transcurrere!
1171 3806 1223 3882 IV,
1247 3807 1313 3869 205

211 3988 238 4054 l)
259 3989 290 4037 cf.
310 3990 403 4039 Munro
422 3990 481 4039 adn.
500 4006 524 4053 p.
543 3988 604 4038 429.

192 4077 235 4141 Η)
255 4079 285 4128 In
311 4080 399 4128 eadem
416 4081 544 4128 sententia
563 4079 590 4126 C.
604 4078 719 4127 Wolifius
739 4079 839 4128 videtur
851 4080 937 4137 fuisse,
957 4080 1075 4142 quoniam
1087 4081 1112 4127 in
1127 4078 1313 4134 dissertatione,

139 4183 204 4235 quae
224 4176 262 4217 est
282 4170 312 4217 de
331 4170 443 4218 Lucretii
462 4170 590 4218 vocabulis
609 4169 786 4234 singularibus,
806 4169 853 4217 hoc
872 4168 976 4216 verbum
994 4184 1044 4217 non
1064 4168 1146 4226 affert,
1160 4182 1313 4233 quamquam

138 4259 329 4330 memorandum
349 4266 416 4322 certe
436 4266 499 4322 erat,
519 4274 576 4308 cum
594 4258 708 4308 omnibus
728 4258 853 4308 codicibus
872 4256 993 4306 traditum
1012 4260 1051 4309 sit.
