2910 4756
619 266 820 332 ..25-

136 481 241 527 omues
265 463 400 528 omnium
424 465 592 545 temporum
616 461 778 544 scriptores
794 463 924 526 Romani
947 462 1004 527 hoc
1026 463 1150 527 verbum
1168 466 1222 528 aut
1237 483 1307 526 cum

136 569 239 634 dativo
262 572 316 634 aut
347 589 417 634 cum
447 568 669 653 praepositione
698 568 898 653 coniungant,
938 570 1016 651 apud
1045 570 1219 634 Lucretium
1250 570 1308 634 duo

138 675 336 742 inveniuntur·
361 678 510 762 exempla,
535 675 587 740 ubi
610 675 769 741 manifesto
798 678 829 741 et
853 675 920 740 sine
944 676 1080 742 codicum
1104 677 1308 758 discrepantia

137 783 291 849 ablativus
307 784 417 849 exstat:
436 785 460 860 Ι,
478 784 543 849 590
560 784 705 848 ‘maculas
718 783 868 866 generalis
881 802 1003 865 corpore
1019 783 1136 848 inesse.’
1168 785 1226 860 ΙΙΙ,
1244 784 1308 850 632

136 892 211 954 ‘toto
241 888 389 954 sentimus
414 908 537 972 corpore
568 889 669 954 inesse
699 889 825 954 vitalem
855 890 1034 974 sensum.'*)
1084 889 1199 956 (leteris
1232 890 1307 954 locis

136 997 193 1073 Ill,
209 997 294 1061 1052
308 997 436 1078 ‘pondus
449 996 667 1082 inesseanimo’
685 998 716 1060 et
727 997 778 1072 Vl,
795 995 861 1062 984
882 997 967 1062 ‘varii
982 1015 1088 1062 sensus
1102 997 1308 1063 animantibus

136 1103 261 1179 insunt,’
288 1103 339 1167 uhi
365 1123 399 1167 ex
422 1104 521 1168 forma
536 1103 603 1186 ipsa
626 1102 786 1168 diiudicari
802 1123 861 1168 uon
876 1105 986 1186 potest,
1010 1104 1118 1169 tertius
1143 1124 1183 1168 an
1207 1106 1308 1168 sextus

137 1229 224 1275 casus
247 1209 439 1293 accipiendus
456 1210 506 1288 sit,
517 1242 520 1248 ·
530 1209 641 1276 rectius
658 1209 796 1276 dativum
812 1212 993 1289 statuemus,
1018 1215 1053 1277 ut
1070 1213 1184 1278 usitata
1199 1211 1308 1276 evadat

137 1316 226 1381 huius
255 1317 338 1381 verbi
366 1317 518 1400 syntaxis,
556 1335 741 1400 quamquam
768 1317 956 1402 argumentis
986 1319 1144 1384 Holtaium
1175 1320 1309 1384 refutare

136 1443 196 1489 non
219 1441 353 1506 possum,
377 1425 429 1506 qui
453 1416 501 1490 his
524 1443 643 1507 quoque
665 1423 740 1490 locis
765 1424 933 1490 ablativum
957 1425 1130 1509 adscripsit.

227 1530 372 1596 inferre
414 1550 534 1615 semper
562 1550 631 1595 cum
665 1531 783 1596 dativo:
823 1532 886 1608 ΙΙΙ,
916 1532 986 1607 678>
1015 1532 1050 1596 ‘si
1083 1533 1168 1597 nobis
1202 1532 1307 1597 inferri

137 1637 258 1703 solitast
274 1637 368 1702 animi
389 1637 491 1703 vivata
505 1639 660 1721 potestas‘
699 1640 737 1716 V,
755 1638 820 1704 974
837 1640 920 1703 ‘dum
935 1657 1020 1704 rosea
1035 1641 1102 1704 sace
1125 1641 1170 1706 sol
1187 1640 1310 1706 inferret

134 1745 251 1835 lumina
274 1745 375 1812 caelo?
423 1745 460 1823 V,
488 1746 573 1812 1244
597 1745 744 1810 ‘hostibus
767 1745 918 1810 intulerat
941 1746 1065 1830 ignem)

240 1853 449 1935 increpare
472 1870 508 1916 ea
530 1852 753 1937 significatione
776 1871 836 1934 qua
859 1854 940 1917 valet
967 1852 1148 1938 ‘obiurgare’
1171 1854 1309 1919 dativum

138 1960 281 2027 assumit:
304 1962 362 2038 Ill,
388 1962 452 2028 930
477 1960 543 2024 ‘hoc
565 1959 658 2025 alicui
680 1960 815 2024 nostrum
838 1959 883 2024 sio
906 1959 1038 2044 increpet
1061 1960 1147 2044 ipsa?

226 2066 387 2132 inhiare
411 2086 480 2132 cum
505 2066 554 2131 ‘in'
580 2066 800 2149 praepositione
824 2067 1034 2150 coniungitur,
1067 2087 1136 2133 cum
1159 2068 1310 2154 significet

138 2173 255 2257 ‘cupide
278 2173 410 2256 aliquem
434 2173 545 2238 intueri
553 2173 570 2237 ι’
594 2177 619 2251 Ι,
646 2174 686 2239 36
712 2173 843 2239 ‘inhians
866 2174 898 2238 in
922 2176 971 2239 te.'

227 2280 370 2346 inicere
392 2280 449 2358 III,
474 2281 538 2349 378
563 2280 661 2346 ‘uobis
684 2280 804 2345 iniecta'
827 2285 883 2365 (sc.
908 2286 1061 2365 corpora.)

226 2387 403 2454 inlidere
426 2389 480 2465 IV,
507 2389 591 2455 1972
623 2390 659 2452 de
691 2387 864 2453 amantibus
887 2388 1014 2465 dicitur,
1037 2388 1090 2471 qui
1114 2390 1178 2453 mm
1201 2389 1308 2470 cupide

137 2497 217 2562 inter
240 2515 272 2560 se
296 2487 480 2575 osculantur,
505 2497 540 2560 ut
555 2496 674 2561 labellis
690 2496 848 2578 tamquam
861 2495 1050 2573 cohaereant,
1074 2498 1191 2561 etcum
1208 2495 1310 2560 dativo

137 2601 332 2686 coniungitur
355 2601 470 2667 ‘tentes
494 2602 629 2667 inlidunt
651 2621 741 2686 saepe
763 2602 900 2668 labellis!

227 2708 442 2774 immiscere
465 2710 495 2786 Ι,
520 2710 584 2777 877
614 2711 658 2774 ‘ut
681 2709 821 2775 omuibus
845 2709 945 2774 omnis
970 2729 1018 2774 res
1050 2710 1138 2792 putet
1166 2707 1311 2774 inmixtas

138 2817 228 2897 rebus
251 2816 392 2882 latitare!
438 2818 494 2893 ΙΙΙ,
520 2817 584 2880 392
610 2816 796 2901 ‘corporibus
820 2816 932 2881 nostris
956 2814 1105 2880 inmixta?

227 2923 441 2988 immittere
475 2924 569 2988 semel
604 2942 672 2988 cum
708 2923 940 3007 praepositione,
976 2922 1068 2987 semel
1104 2942 1172 2987 cum
1208 2923 1311 2989 dativo

137 3031 343 3116 coniungitur:
370 3033 422 3108 Vl,
439 3031 501 3097 441
520 3030 562 3094 ‘in
580 3050 691 3112 aqueum
708 3030 806 3096 subito
823 3032 923 3096 totum
940 3049 973 3096 se
989 3029 1139 3095 inmittit:
1176 3032 1230 3107 ΙΙΙ,
1248 3031 1311 3096 713

138 3138 361 3204 ‘seminecum
384 3139 457 3202 sunt
481 3137 576 3203 oculis
600 3137 748 3203 inmissa’

227 3244 388 3310 innasci
421 3264 492 3310 cum
515 3245 634 3311 datio:
665 3246 705 3323 ΙΙ,
732 3249 795 3314 286
825 3250 884 3312 ‘est
912 3245 1000 3310 nobis
1023 3244 1131 3309 innata
1153 3245 1309 3328 potestas!

139 3353 246 3418 Altero
269 3352 335 3417 loco
359 3353 415 3430 ΙΙΙ,
440 3353 505 3417 790
523 3351 651 3417 ‘innasci
667 3353 775 3434 quavis
791 3353 822 3417 in
844 3355 929 3437 parte
945 3350 1065 3416 soleret*
1090 3349 1170 3433 quod
1185 3350 1313 3416 iteratur

140 3462 179 3536 V,
206 3459 280 3535 136,
311 3459 368 3524 hoc
391 3459 516 3524 verbum
533 3459 584 3522 ‘in’
607 3459 863 3543 praepositionem
878 3477 947 3524 cum
965 3457 1099 3523 ablativo
1120 3456 1312 3522 coniunctam

139 3565 279 3632 assumit.
307 3565 413 3644 ·Quocl
437 3586 505 3630 cum
530 3567 649 3649 proprie
674 3567 711 3631 ab
735 3566 781 3630 his
807 3567 904 3631 verbis
920 3565 1090 3640 abhorreat,
1116 3562 1218 3629 videro
1241 3563 1314 3633 licet

139 3674 185 3739 vol
208 3671 372 3756 plurimum
398 3673 496 3737 valere
519 3673 556 3736 ad
580 3673 764 3737 structuram
789 3671 1053 3756 significationem,
1077 3690 1169 3753 quam
1186 3673 1312 3737 verbum

138 3776 408 3864 compositionem)
438 3777 562 3858 induat,
587 3797 684 3862 neque
700 3800 718 3845 a
733 3779 1007 3864 praepositionibus
1024 3777 1098 3843 solis
1121 3773 1192 3844 cum
1215 3779 1313 3844 uerbis

210 3959 238 4026 l)
257 3961 316 4009 Alia
339 3962 444 4010 omissae
469 3961 659 4024 praepositionis
685 3960 812 4025 exempla,
839 3960 882 4009 ubi
901 3960 944 4009 alii
962 3961 1096 4024 scriptores
1115 3973 1171 4007 cam
1190 3957 1314 4008 adhihent

138 4052 195 4101 vide
214 4050 283 4115 apud
300 4049 431 4099 Holtzium
449 4066 473 4114 p.
494 4048 510 4099 9
530 4065 566 4114 sq.

211 4138 256 4205 ΙΙ)
276 4140 306 4190 cf.
326 4138 458 4190 Lehmann
476 4155 500 4203 p.
520 4138 537 4189 3
556 4139 600 4188 ubi
619 4139 756 4188 rectissime
775 4139 921 4202 Zumptium
941 4139 1037 4188 refutat
1059 4137 1176 4204 (gramm.
1196 4138 1219 4199 5.
1241 4135 1313 4200 415.)

139 4229 218 4280 Halm
236 4245 260 4293 p.
281 4227 305 4277 2.
