2910 4756
623 284 821 347 ..21-

138 480 169 542 11
177 527 184 554 ,
210 480 273 545 749
297 479 395 543 ‘nullo
420 477 582 542 coniuncta
605 476 722 541 0010003
768 476 846 541 Sane
863 475 1085 538 concedendum
1104 478 1151 538 000
1174 473 1217 537 ibi
1234 474 1311 537 hauc

139 587 323 650 structuram
348 588 482 660 exstare,
507 584 559 648 sed
583 583 728 665 quoniam
752 580 832 665 apud
856 600 960 646 omnes
984 581 1121 646 omnium
1139 584 1311 664 temporum

139 691 299 775 scriptores
322 692 442 757 dativus
465 691 496 755 in
520 691 576 754 boc
599 691 690 755 verbo
703 688 904 753 construendo
929 687 1151 753 usitatissimus
1176 688 1308 764 estnon

137 799 223 864 01000
248 819 341 882 quare
364 800 506 865 Lucretio
532 818 566 862 ex
590 816 649 861 000
673 796 819 880 peculiari
843 797 979 878 exemplo
1003 793 1185 859 inusitatam
1209 793 1308 859 tribu-

135 923 223 970 amus
246 907 397 989 syntanin.
444 905 571 970 Accedit
599 904 676 985 quod
701 903 773 967 alibi
788 901 982 986 participium
1000 901 1122 984 quidem
1148 900 1309 965 ‘coniunc-

139 1012 202 1076 tus'
227 1033 296 1078 cum
319 1015 451 1079 ablativo
475 1011 684 1077 consociatum
715 1009 893 1092 reperitur*)
916 1010 972 1092 (ita
995 1008 1058 1077 Oic.
1074 1009 1118 1072 de
1142 1026 1185 1075 or.
1210 1009 1234 1082 Ι,
1258 1008 1311 1083 57,

139 1121 203 1188 243
229 1120 365 1186 ‘dicendi
390 1121 435 1186 vis
453 1119 577 1203 egregia
593 1136 714 1182 summa
730 1116 897 1182 testivitate
917 1118 947 1180 00
962 1115 1121 1180 venustate
1138 1114 1310 1180 coniuncta'

141 1227 179 1290 cs.
203 1227 244 1292 ib.
269 1231 294 1304 l,
319 1228 349 1306 5,
375 1231 428 1305 17,
452 1227 533 1310 legg.
551 1228 574 1300 1,
598 1227 630 1292 2.
677 1225 766 1309 Verg.
791 1223 870 1288 Aen.
893 1224 932 1301 Χ,
958 1223 1045 1300 653).
1104 1221 1163 1288 Sed
1178 1222 1311 1303 reliquae
1342 1291 1344 1295 ,

138 1335 221 1398 verbi
256 1335 381 1412 formae,
419 1334 518 1415 quoad
552 1332 646 1397 libros
669 1331 782 1408 evolvi,
812 1331 858 1396 100
881 1349 941 1396 000
966 1330 1160 1412 usurpantur.
1207 1327 1310 1410 Atque

137 1439 214 1503 illud
237 1460 355 1522 quoque
379 1440 482 1504 miuus
513 1441 594 1504 00000
625 1438 657 1502 10
691 1456 779 1502 suum
810 1456 898 1502 usum
923 1436 1090 1512 convertit,
1114 1435 1193 1517 qnod
1217 1435 1310 1500 etiam

138 1546 265 1631 simplex
300 1547 421 1613 verbum
462 1565 521 1611 uuo
557 1546 623 1610 1000
659 1545 718 1621 VI,
745 1544 828 1608 1007
855 1564 925 1609 cum
949 1543 1082 1609 ablativo
1107 1542 1312 1628 coniungitur,

139 1674 208 1716 nuru
233 1654 282 1718 bic
304 1654 409 1736 procul
433 1653 524 1718 dubio
549 1653 575 1716 is
600 1653 662 1728 est,
686 1670 774 1732 quern
798 1651 1062 1716 instrumentalem
1086 1651 1225 1717 dicimus.
1249 1651 1311 1716 Ubi

139 1780 207 1825 cum
231 1763 343 1825 exstet:
368 1760 502 1843 ‘glutine
530 1759 674 1824 materies
702 1758 823 1822 taurino
846 1758 984 1842 iungitur
1008 1761 1083 1823 uno'
1116 1758 1220 1843 gluten
1245 1758 1311 1822 vin·

139 1868 242 1931 culum
265 1867 377 1932 dicitur
401 1869 455 1930 aut
476 1866 733 1942 instrumentum,
758 1883 816 1946 quo
840 1865 928 1947 tigna
951 1866 1089 1930 trabesve
1113 1867 1312 1930 conectuntur

138 1977 169 2038 00
193 1974 359 2040 cohaerent.
407 1973 537 2038 Dativus
562 1975 664 2037 autem
688 1972 719 2036 in
743 1972 874 2055 simplici
896 1973 987 2036 verbo
1011 1972 1077 2036 siue
1100 1971 1191 2036 dubio
1214 1974 1312 2037 exstat

138 2083 162 2158 I,
189 2082 252 2149 713
277 2080 361 2146 ‘abra
384 2081 546 2164 iungentes
568 2079 653 2162 igni!
701 2079 810 2157 01111,
828 2080 1025 2161 80804000
1048 2080 1103 2157 IV,
1119 2077 1195 2156 430,
1214 2081 1309 2144 1079.

227 2188 472 2262 commiscere
496 2187 590 2251 semel
614 2205 683 2251 eum
706 2187 942 2269 praepositione:
965 2188 1018 2264 IV,
1036 2186 1100 2249 270
1119 2195 1225 2267 ‘saque
1242 2205 1310 2250 cum

139 2313 174 2358 co
208 2292 400 2358 commiscuit
433 2293 518 2376 igni?
576 2292 691 2357 Ceteris
726 2293 800 2357 locis
837 2292 973 2358 dativum
1013 2293 1157 2358 assumit:
1193 2294 1219 2370 Ι,
1245 2295 1309 2357 822

138 2399 224 2464 ‘aliis
248 2400 368 2481 alioque
391 2399 480 2465 modo
505 2400 669 2466 commixta
699 2401 876 2468 moventur.'
931 2401 983 2476 IV,
1010 2401 1095 2467 1250
1120 2401 1171 2464 ‘ut
1193 2400 1311 2465 semina

128 2507 257 2591 possint
290 2508 458 2573 seminibus
494 2507 705 2572 commisceri!
751 2509 787 2583 V,
822 2508 886 2576 503
923 2515 996 2572 ‘nec
1029 2506 1181 2589 liquidnm
1204 2527 1310 2592 corpus

138 2614 333 2680 turbantibus
354 2615 430 2679 aeris
449 2615 530 2679 auris
549 2614 744 2679 commiscet’
785 2616 835 2691 VI,
853 2616 937 2680 1157
954 2607 1133 2697 ἱ3000100**)
1149 2615 1311 2682 commixta

137 2721 287 2804 querella!
348 2721 489 2786 Holtaius
523 2741 552 2804 p.
580 2723 620 2789 19
655 2721 703 2786 lris
739 2740 857 2802 quoquo
888 2721 964 2787 locis
995 2722 1163 2788 ablativum
1187 2724 1308 2801 statuit,

138 2826 218 2909 quod
241 2828 461 2910 quodammodo
485 2820 605 2893 defendi
640 2830 756 2911 potest,
792 2827 935 2910 quoniam
971 2827 1072 2892 omnia
1107 2831 1244 2912 exempla
1265 2829 1310 2895 ita

137 2937 311 3018 comparata
335 2939 422 3012 sunt,
448 2938 484 3000 ut
507 2937 632 3001 verbum
651 2934 866 3001 commiscendi
883 2934 1114 3017 praepositionis
1129 2938 1309 3018 potestatem

136 3042 276 3107 omisisse
299 3045 330 3107 et
354 3063 467 3108 meram
491 3043 639 3108 miscendi
663 3043 818 3107 notionem
843 3061 979 3107 servasse
1003 3042 1155 3120 videatur,
1179 3043 1231 3108 ubi
1255 3046 1309 3111 ab·

136 3148 248 3215 latirus
272 3150 512 3215 instrumentalis
535 3169 624 3215 suurn
648 3151 740 3215 habet
754 3148 937 3233 locum.***)
973 3149 1032 3216 Sed
1056 3151 1193 3216 dativum
1209 3151 1309 3236 potius

136 3258 172 3320 ut
195 3257 328 3320 statuam
355 3258 385 3321 id
409 3277 457 3321 me
481 3261 600 3335 movet,
625 3256 704 3339 quod
727 3257 812 3329 verbi
836 3256 1092 3339 significationem
1115 3258 1248 3323 revocari
1271 3259 1310 3325 li-

136 3365 185 3428 cet
207 3362 245 3427 00
271 3365 511 3430 ‘commiscendo
536 3365 667 3441 addere’,
692 3364 741 3428 cui
764 3364 881 3429 notioni
906 3383 983 3428 0000
1001 3365 1122 3430 dativus
1146 3368 1236 3448 aptus
1253 3370 1308 3433 est.

226 3472 461 3535 contendere
490 3490 559 3535 cum
590 3471 706 3536 dativo:
743 3472 795 3550 IV,
827 3473 913 3537 1110
937 3472 1018 3552 ‘quid
1042 3473 1124 3537 enim
1148 3473 1310 3538 contendat

135 3576 264 3642 hirundo
288 3578 409 3660 cycnis)

225 3685 429 3749 convenire
464 3705 533 3750 cum
569 3686 672 3751 dativo
708 3687 848 3751 iunctum
884 3686 1032 3770 reperitur
1054 3687 1127 3768 quia
1152 3686 1308 3771 significat

135 3792 252 3874 ‘aptum
276 3809 342 3856 esse
365 3792 457 3857 alicui
480 3793 550 3858 rsi’:
604 3796 658 3869 IV,
685 3795 748 3862 706
775 3801 844 3858 ‘uon
868 3793 913 3859 ita
936 3794 1118 3859 conveniunt
1142 3795 1179 3858 ad
1203 3813 1308 3858 000000

135 3897 277 3962 omnibus
301 3898 423 3962 omnes.¹
470 3900 525 3977 IV,
552 3901 637 3965 1083
661 3906 705 3964 ‘ut
728 3921 803 3970 cava
826 3901 1008 3966 conveniant
1030 3901 1148 3980 plenis!
1195 3880 1307 3965 llodem

132 4012 422 4032 ——n-——ss

206 4061 234 4129 *t
254 4066 285 4114 01.
304 4065 407 4114 Ellendt
425 4064 458 4113 ad
477 4063 527 4113 Cic.
548 4063 578 4113 de
597 4078 631 4112 cr.
664 4062 712 4121 111,
733 4064 775 4122 15,
795 4063 837 4115 58.

188 4148 228 4218 es)
247 4154 288 4202 De
307 4153 356 4203 lrac
375 4153 457 4203 dativi
477 4153 561 4204 forma
579 4146 633 4203 vid.v
651 4154 681 4204 R.
703 4153 829 4204 Kuehucr
848 4142 962 4205 Gramm.
983 4155 1008 4216 1,
1029 4170 1089 4222 pag.
1109 4155 1169 4204 244.

171 4240 231 4307 ***)
251 4245 284 4294 cf.
305 4259 384 4308 supra
404 4261 423 4294 0.
444 4259 468 4292 v.
488 4243 639 4294 admiscere.
