2910 4756
655 255 893 359 rao-2

262 463 419 540 auferre
444 497 511 542 cum
536 471 778 564 praepositione:
803 476 855 563 IV,
881 483 945 555 533
971 483 1059 571 ‘quid
1075 489 1208 575 eorporis
1226 491 1342 558 auferat

171 573 202 639 et
225 577 297 659 quid
321 580 458 649 detrahat
481 604 517 649 ex
540 588 696 654 hominum
720 592 839 657 nervis]
885 597 928 660 Vl
940 645 947 672 ‚
980 598 1044 663 825
1075 599 1233 682 ‘reliquias
1261 594 1342 666 vitae

173 684 318 753 membris
343 708 377 755 ex
400 692 541 759 omnibus
573 697 692 762 aufert!
739 699 816 764 Ourn
839 702 942 768 dativo
967 703 1167 770 incommodi:
1205 708 1239 786 V,
1276 711 1340 776 205

170 791 261 864 'duas
284 797 381 884 partis
406 800 467 887 geli
492 822 579 870 casus
604 807 784 874 mortalibus
809 810 924 877 aufert*

221 911 225 925 '
257 908 370 974 Eodem
394 911 483 976 modo
508 913 664 979 abluere
687 915 887 994 construitur,
918 936 987 982 cum
1011 919 1171 986 Lucretius
1197 923 1224 986 ei
1246 925 1340 989 semel

169 1016 438 1098 praepositionem,
463 1021 556 1086 semel
581 1021 718 1087 dativum
742 1027 964 1090 accommodet:
989 1029 1043 1104 IV,
1067 1028 1131 1093 873
1156 1031 1276 1094 ‘anhela
1299 1032 1341 1095 si-

166 1122 206 1187 tis
236 1123 272 1190 de
303 1145 425 1209 corpore
457 1130 521 1193 toto
554 1129 708 1195 abluitur.'
754 1131 809 1209 lv,
836 1133 898 1199 376
927 1133 1043 1218 ‘nigras
1067 1135 1128 1201 sibi
1152 1137 1250 1202 abluit
1273 1157 1340 1203 um·

166 1231 244 1296 bras'
270 1233 324 1315 (sc.
349 1236 458 1312 terra).'

255 1336 466 1408 abhorrere
502 1364 570 1410 cum
606 1345 844 1430 praepositione:
887 1349 917 1428 1,
953 1349 1016 1417 945
1053 1350 1169 1434 ‘volgus
1201 1353 1340 1419 abhorret

166 1449 203 1517 ab
226 1449 303 1521 bac'

253 1562 438 1630 abradere
462 1567 531 1630 curn
555 1567 705 1633 ablativo:
732 1570 786 1647 IV,
813 1570 898 1637 1095
923 1576 988 1634 ‘neo
1011 1569 1151 1635 manibus
1176 1571 1338 1655 quicquam

164 1670 275 1736 teneris
298 1673 440 1740 abradere
463 1676 606 1742 membris
630 1678 777 1760 pessunt!
823 1678 934 1744 llodem
959 1677 1038 1745 redit
1054 1678 1229 1744 adverbium
1249 1679 1337 1744 ‘inde’

166 1777 225 1856 lv,
252 1779 337 1846 1162
361 1780 414 1845 ‘nil
437 1781 507 1847 inde
529 1784 672 1850 abradere
695 1788 844 1868 possunt*

252 1887 484 1972 abrumpere
520 1891 634 1957 nudum
670 1893 837 1960 ablativum
868 1895 1002 1979 patitur:
1042 1899 1091 1978 ΙΙ,
1117 1901 1182 1966 214
1206 1897 1334 1985 ‘abrupt‘

166 1991 296 2064 nubibus
320 1993 427 2089 ignes:

252 2111 453 2180 abundare
489 2117 541 2183 ubi
570 2117 693 2204 propria
721 2117 803 2184 vocis
830 2103 1017 2202 'significatio
1041 2118 1160 2181 servata
1184 2119 1229 2181 est
1252 2135 1338 2201 prae-

159 2221 342 2306 positionem
388 2225 533 2292 assumit:
592 2228 651 2304 lV,
699 2231 740 2295 89
791 2226 919 2291 ‘diffusa
957 2245 973 2290 e
1023 2225 1112 2289 rebus
1158 2262 1200 2271 —
1241 2227 1336 2290 abun·

160 2330 232 2399 dat'
277 2333 336 2410 IV,
375 2335 437 2399 143
472 2342 644 2399 ‘summum
679 2334 826 2418 quidquid
862 2335 899 2399 de
937 2334 1027 2397 rebus
1062 2332 1215 2397 abundat.¹
1275 2330 1333 2398 Sed

161 2437 213 2502 ubi
236 2438 269 2502 in
294 2440 436 2505 tralatam
460 2442 538 2507 abiit
560 2443 640 2520 vim,
673 2462 732 2525 qua
756 2443 835 2507 idem
859 2443 905 2532 est
928 2460 964 2505 ae
987 2439 1180 2512 redundare,
1205 2439 1337 2511 affluere,

163 2564 308 2629 magnam
332 2546 460 2612 alicuius
484 2548 527 2613 rei
551 2548 671 2633 copiam
696 2549 824 2624 baber·e‚'
849 2547 1022 2624 Lucretius,
1048 2544 1140 2611 sicuti
1157 2564 1262 2610 omnes
1279 2547 1339 2612 Ro·

160 2671 318 2720 manorum
335 2655 506 2739 scriptores,
532 2656 702 2722 ablativum
718 2674 785 2721 oum
803 2656 860 2720 hoc
876 2657 966 2721 verbo
982 2653 1159 2738 coniungit:
1185 2654 1224 2731 ΙΙ,
1253 2655 1337 2720 1089

163 2767 270 2844 ‘genus
294 2781 384 2828 omne
407 2764 487 2848 quod
511 2767 557 2830 est
580 2764 752 2850 generatim
775 2766 865 2829 rebus
890 2764 1068 2851 abundans'
1115 2760 1165 2826 Sic
1182 2759 1338 2844 aptissime

161 2869 375 2936 Lachmannus
398 2872 523 2957 scripsit
546 2873 692 2939 mutando
709 2871 787 2951 ‘hic’
812 2872 893 2956 quod
909 2871 1065 2939 codicibus
1081 2870 1229 2937 traditum
1247 2886 1338 2932 sensu

161 2978 259 3055 caret,
295 2978 328 3042 in
353 2980 428 3048 ‘est'
483 2981 517 3057 V,
545 2981 608 3047 262
634 2989 749 3045 ‘umore
773 2998 851 3045 novo
875 2997 959 3048 mare
983 2979 1111 3042 flumina
1133 2977 1230 3041 fontes
1255 2994 1336 3039 sem·

162 3104 216 3169 per
243 3084 414 3154 abundare!
462 3063 498 3164 il,
522 3088 589 3153 814
613 3088 709 3153 ‘molli
731 3088 877 3172 lanugine
900 3086 1077 3152 abundans?

247 3194 418 3260 avallere
441 3213 509 3260 oum
534 3194 772 3278 praepositione:
797 3196 834 3271 V,
861 3196 925 3263 313
949 3194 1079 3258 ‘avolsos
1096 3190 1195 3256 silices
1214 3209 1232 3254 a
1248 3210 1336 3256 mon-

159 3302 241 3367 tibus
265 3301 353 3368 altis!
401 3301 478 3368 Ourn
501 3302 652 3368 ablativo:
677 3304 724 3380 Il,
752 3305 814 3370 257
841 3301 922 3366 ‘latis
946 3301 1050 3366 avolsa
1072 3300 1231 3383 potestas!
1281 3299 1337 3374 ΙΙΙ,

158 3413 221 3478 561
249 3411 380 3477 ‘avolsus
403 3409 576 3477 radicibus)

247 3521 423 3584 avertere
458 3536 529 3583 cum
566 3517 714 3583 ablativo:
755 3518 810 3595 IV,
850 3519 933 3585 1265
970 3516 1053 3582 ‘loeis
1078 3514 1188 3582 avertit
1210 3511 1336 3578 seminis

158 3625 272 3691 ictum'

247 3734 356 3807 Restat
379 3751 474 3798 unum
501 3733 637 3810 verbum,
662 3732 712 3798 cui
736 3732 895 3798 Lucretius
919 3731 1035 3798 duobus
1059 3731 1133 3796 locis
1158 3728 1210 3794 ubi
1226 3726 1339 3812 legitur

158 3840 295 3908 dativum
320 3860 464 3927 personae
488 3839 668 3924 adscripsit:

245 3951 477 4017 absterrere
515 3949 572 4026 IV¹
618 3949 703 4016 1656
743 3948 868 4033 ‘pabula
911 3945 1024 4013 amoris
1057 3946 1227 4010 absterrere
1259 3942 1339 4006 sibi!

157 4058 208 4137 Ν,
252 4061 336 4127 1226
377 4064 444 4124 ‘nec
483 4056 590 4128 diviua
613 4059 717 4134 actum
742 4056 907 4153 genitalem
944 4052 1071 4119 numina
1107 4051 1248 4134 cuiquam
1287 4052 1340 4115 ab·

156 4167 308 4253 etelredi(
