2910 4756
765 945 825 1029 ΙΙ.

392 1159 421 1228 5.
442 1165 464 1212 1.
502 1158 599 1217 Verba
617 1174 682 1215 oum
701 1158 770 1216 ‘erl’
788 1157 1005 1228 praepositione
1024 1160 1184 1228 compositu

204 1268 267 1334 vim
291 1268 389 1334 vertis
414 1267 549 1351 proximo
580 1269 679 1352 capite
702 1269 841 1335 tractatis
864 1270 1049 1335 eontrarinm
1073 1269 1241 1353 accipiunt:
1266 1271 1380 1335 etenim

204 1395 273 1440 cum
298 1376 351 1441 illa
373 1376 558 1459 privativum
581 1379 616 1440 ut
647 1377 692 1441 ita
716 1376 817 1441 dicem
840 1396 965 1442 sensum
988 1396 1060 1460 prae
1084 1397 1116 1442 se
1139 1377 1239 1443 ferant
1264 1379 1293 1443 et
1316 1397 1378 1442 non

203 1483 392 1549 incommode
421 1483 460 1548 ad
489 1485 647 1550 ventorum
680 1484 818 1550 ‘deesse’
848 1486 895 1550 vel
927 1486 1063 1550 ‘abesse’
1093 1484 1156 1550 vim
1178 1485 1282 1551 referri
1305 1504 1378 1567 pos·

205 1591 281 1670 siut,
305 1592 398 1657 verbe
421 1610 497 1675 quae
521 1590 689 1674 composita
714 1595 784 1657 sunt
808 1611 877 1656 oum
902 1592 970 1657 ‘ari'
994 1593 1231 1676 praepositione,
1265 1591 1378 1673 quippe

205 1718 281 1781 quae
311 1698 506 1764 directionem
538 1699 576 1763 ad
613 1698 729 1782 aliquid
760 1700 928 1783 significet,
960 1701 990 1763 et
1012 1700 1057 1764 ita
1079 1700 1214 1783 quidem,
1244 1697 1280 1762 ut
1301 1713 1379 1760 con·

205 1809 307 1872 tectus
331 1807 418 1889 quasi
442 1807 563 1889 quidem
591 1809 621 1871 ot
652 1807 824 1873 ooniunotio
860 1811 999 1891 petatur,
1036 1803 1296 1893 appropinquandi
1330 1802 1380 1866 in·

205 1914 305 1979 duunt
328 1917 359 1980 et
382 1914 559 1979 cohaerendi
584 1914 748 1981 notionem.
795 1916 839 1978 Er
863 1934 924 1997 qua
947 1915 1139 1999 ipseindole
1162 1917 1217 1978 eut
1240 1910 1380 1978 datiuum

205 2006 359 2086 assumere
383 2023 525 2105 possunt,
549 2024 584 2086 ut
608 2007 870 2105 appropinquanti
902 2024 949 2088 vel
979 2020 1179 2104 coniungendi
1210 2019 1288 2083 retIo
1312 2037 1381 2082 me-

205 2129 253 2214 gis
287 2129 467 2214 generaliter
501 2129 665 2206 iudicetur,
701 2132 754 2195 aut
792 2130 1061 2213 praepositionem,
1103 2146 1162 2210 qua
1202 2125 1379 2191 accuratius

205 2236 377 2302 coniunctio
402 2237 596 2316 exprimatur.

294 2337 490 2410 Accedere
522 2345 616 2410 semel
645 2363 713 2409 cum
737 2344 958 2427 praepositione
983 2343 1197 2427 coniungitur:
1230 2342 1264 2418 V,
1293 2340 1378 2406 1197

204 2451 318 2516 ‘omnis
342 2451 483 2516 accedere
512 2451 550 2516 ad
573 2453 659 2515 eras!
704 2451 753 2515 Ao
788 2450 914 2514 eandem
949 2452 1130 2532 potestatem
1169 2449 1248 2514 redit
1272 2449 1378 2514 adver·

205 2559 289 2623 bium
314 2559 411 2635 ‘huo'‚
442 2557 522 2640 quod
549 2543 581 2621 in
614 2557 826 2622 coniunctione
850 2558 1024 2634 verborum,
1057 2576 1135 2639 quae
1158 2558 1190 2621 in
1214 2556 1378 2623 formulam

205 2666 292 2748 quasi
315 2666 467 2748 quandam
491 2665 569 2730 abiit
592 2664 752 2758 quinquies
782 2666 812 2742 l,
838 2665 919 2742 192,
945 2665 1026 2741 215,
1052 2666 1129 2741 565,
1155 2666 1288 2742 75331,
1314 2664 1379 2732 398

206 2774 249 2839 ita
273 2774 400 2858 legitur:
427 2774 502 2838 ‘huc
524 2772 640 2838 accedit
671 2773 736 2838 uti!
786 2773 850 2838 Uno
879 2773 944 2837 loco
970 2774 1004 2851 I,
1029 2774 1092 2840 927
1120 2773 1223 2838 ‘iuvat
1245 2771 1379 2853 integros

207 2881 349 2947 accedere
392 2882 505 2968 fontes?
541 2880 698 2946 Lucretius
735 2880 941 2946 accusativum
976 2881 1046 2946 huic
1080 2881 1169 2946 verbo
1208 2876 1379 2960 adscripsit,

206 2988 287 3072 quod
312 2989 421 3068 etiam,
446 2989 585 3072 quamvis
605 2988 718 3066 rarius,
738 2989 818 3074 apud
842 2989 974 3072 optimos
997 2984 1190 3070 scriptores*)
1206 3003 1264 3050 usu
1287 2983 1380 3051 venit.

296 3095 470 3162 cocidere
492 3096 586 3160 semel
610 3095 663 3160 ubi
688 3114 747 3160 non
771 3096 903 3161 mulium
927 3097 1028 3162 differt
1066 3113 1084 3158 u
1118 3092 1251 3178 simplici
1289 3092 1378 3179 verbo

210 3203 463 3288 praepositionem
498 3203 640 3268 assumit:
677 3204 731 3281 IV,
767 3205 831 3271 213
862 3202 1007 3270 ‘aetheris
1031 3221 1065 3267 ex
1089 3201 1150 3265 oris
1174 3200 1206 3265 in
1230 3203 1379 3265 terrarum

210 3310 329 3377 accidat
353 3313 439 3376 ores!
478 3310 582 3376 Altero
605 3312 707 3374 autem
724 3311 790 3376 loco
808 3311 860 3376 ubi
875 3309 1060 3395 praepositio
1075 3310 1197 3394 legitur,
1221 3309 1328 3375 tralato
1344 3324 1381 3370 ea

208 3421 255 3486 ita
277 3421 426 3504 usurpata
455 3421 502 3485 est
531 3420 565 3484 ut
597 3417 761 3501 exprimat,
787 3418 861 3502 quid
885 3420 978 3484 etiem
1003 3419 1040 3484 ad
1065 3418 1199 3502 aliquam
1222 3434 1285 3480 rem
1310 3411 1382 3477 addi

208 3526 335 3605 debeat,
359 3528 394 3591 ut
416 3521 504 3609 plene
526 3528 706 3609 praebeatur
729 3528 760 3590 et
783 3543 817 3588 ex
833 3527 974 3592 omnibus
997 3527 1134 3610 partibus
1157 3522 1296 3588 obsolute
1312 3521 1379 3586 eius

209 3635 252 3700 rei
277 3633 406 3717 species:
430 3633 483 3712 IV,
508 3634 573 3702 234
598 3639 693 3716 ‘quae
716 3634 829 3716 poterit
851 3653 899 3698 res
924 3635 1058 3700 accidere
1089 3632 1127 3698 ad
1150 3631 1282 3717 speeiem
1306 3647 1383 3711 qua·

209 3742 314 3808 irate!
369 3740 518 3806 Detivum
549 3740 620 3806 huie
649 3741 738 3806 verbo
762 3741 940 3821 Lueretius,
971 3742 1053 3808 sicut
1076 3760 1181 3809 omnes
1206 3739 1381 3822 scriptores,

209 3848 466 3926 accommodavit,
490 3848 542 3913 ubi
567 3867 664 3915 sermo
689 3851 734 3914 est
759 3847 795 3914 de
818 3848 907 3914 rebus
923 3851 1058 3916 adversis
1074 3849 1212 3916 homines
1229 3845 1380 3912 afflicten-

210 3958 292 4024 tibus
322 3960 376 4022 eut
404 3955 527 4022 omnino
557 3959 593 4024 te
624 3959 714 4024 rebus
746 3975 822 4038 quae
847 3975 882 4021 ex
904 3957 1070 4042 improuiso
1094 3957 1181 4024 nobis
1206 3954 1381 4022 occurrunt:

415 4121 530 4128 —.-—.--

280 4211 306 4280 *)
325 4213 358 4262 cf.
378 4212 512 4262 Drukeub.
538 4211 571 4262 ed
591 4213 648 4262 Liv.
675 4211 720 4271 IX,
742 4203 857 4294 .4⁰·'¹⁹·
877 4211 1001 4277 Nipperd,
1022 4213 1054 4263 ad
1073 4215 1135 4262 'Pac
1156 4215 1224 4262 Anu.
1246 4210 1303 4269 XII,
1322 4207 1364 4258 531.
