2910 4756
626 293 828 357 ..35..

233 484 438 550 ascendere
463 485 518 562 VI,
544 484 607 551 469
641 485 764 548 ‘montis
795 504 863 548 cum
888 485 1078 548 ascendimus
1103 485 1200 553 albos?
1257 489 1317 551 Eo·

144 595 272 677 demque
294 581 382 664 modo

233 699 496 766 conscendere
533 701 719 765 construitur
755 702 812 776 Vl,
844 701 887 764 47
921 701 1084 784 ‘insignem
1116 699 1317 764 conscendere

144 810 287 874 currum!
334 809 440 873 Altero
465 810 568 873 autem
592 808 876 873 loco—intransitive
900 811 1079 889 usurpatum
1105 810 1151 872 est
1166 809 1204 884 V,
1232 808 1316 872 1295

145 916 186 980 ‘in
207 916 280 998 equi
303 915 503 980 conscendere
528 916 647 980 costas?

232 1024 439 1090 decurrere
463 1023 509 1088 bis
534 1023 614 1107 apud
631 1023 808 1088 Lucretium
825 1023 986 1087 transitive
1002 1022 1129 1104 legitur:
1154 1022 1205 1098 IV,
1232 1021 1316 1086 1188

144 1131 288 1216 ‘spatium
312 1131 468 1197 decurrere
492 1130 623 1195 amoris!
671 1131 727 1206 ΙΙΙ,
754 1131 841 1195 1040
866 1130 939 1212 ‘ipse
963 1130 1113 1212 Epicurus
1138 1130 1175 1193 iit
1192 1129 1317 1192 decurso

142 1238 258 1303 lumine
282 1238 382 1304 ritae!
441 1238 596 1303 Sicorim
622 1239 782 1322 legendum
809 1256 875 1301 esse
900 1255 1007 1301 censeo
1031 1256 1100 1301 cum
1124 1237 1317 1301 Lachmanno

143 1347 174 1420 et
197 1346 363 1428 Bernaysio
388 1365 440 1428 pro
465 1345 558 1410 ‘obiit'
583 1346 661 1426 quod
679 1345 830 1409 codicibus
848 1345 993 1409 traditum
1009 1346 1107 1409 metro
1124 1342 1317 1427 repugnat.*)

143 1453 279 1533 Reliquis
304 1455 405 1518 autem
430 1453 504 1518 locis
528 1454 594 1530 (ll,
622 1453 705 1526 3703
742 1453 803 1527 ΙΙΙ,
840 1453 921 1525 311;
958 1454 1011 1522 IV.
1037 1453 1116 1527 aba
1156 1453 1192 1527 V,
1219 1450 1317 1531 1261)
1432 1474 1434 1479 ⁴

143 1560 395 1643 praepositionem
428 1559 484 1624 ‘ad'
509 1562 561 1623 aut
584 1559 634 1623 ‘in'
660 1561 748 1641 poeta
778 1559 1032 1634 accommodarit,
1057 1560 1087 1622 iu
1112 1560 1222 1640 quibus
1247 1577 1317 1621 eon-

143 1668 360 1732 structionibus
384 1668 556 1736 differentia
580 1669 626 1731 est
650 1667 822 1732 manifesta.
871 1667 1096 1748 Praepositioue
1121 1666 1201 1730 enim
1226 1684 1317 1748 appo-

142 1775 203 1840 site
233 1775 303 1838 finis
334 1776 502 1851 iudicatur,
538 1792 597 1855 quo
623 1774 703 1839 actio
727 1775 812 1838 verbi
836 1776 970 1855 spectat,
1006 1773 1101 1838 veluti
1126 1791 1194 1836 cum
1219 1775 1317 1837 exstat

142 1884 181 1959 ΙΙ,
207 1883 272 1947 370
302 1882 350 1946 ‘ad
375 1900 430 1946 sua
453 1881 582 1962 quisque
606 1880 667 1944 lere
691 1880 854 1944 decurrunt
876 1882 968 1945 ubere
990 1881 1101 1947 luctis?
1148 1880 1241 1946 Atei
1266 1899 1317 1943 ao-

55 2019 60 2026 ·
142 1989 313 2054 cusativum
343 1991 400 2053 boo
431 1989 555 2053 verbum
589 1988 732 2063 assumit,
771 1988 885 2071 tropico
910 1987 1022 2051 dicitur
1045 2007 1097 2069 pro
1122 1987 1315 2052 ‘decurrendo

141 2097 234 2161 finire'
258 2098 294 2161 ut
316 2116 370 2161 nos
396 2096 525 2161 dicimus
549 2095 690 2160 ablaufen
716 2095 763 2186 rel
787 2095 995 2159 duroblausen.

231 2203 437 2267 escendere
462 2205 500 2279 V,
529 2203 612 2268 1299
639 2202 795 2267 ‘salsileros
820 2203 977 2266 escendere
1002 2203 1127 2266 currus?

231 2308 456 2392 impendere
490 2310 610 2392 proprio
640 2328 732 2374 seusu
763 2297 942 2392 usurpatum
976 2310 1027 2373 ubi
1051 2310 1204 2393 significat
1228 2311 1315 2374 berir-

142 2416 314 2499 berbangen
330 2417 490 2481 Lucretius
515 2436 584 2481 cum
609 2418 782 2482 accusativo
806 2417 976 2482 coniunxit:
1005 2421 1029 2495 Ι,
1047 2421 1110 2485 326
1129 2426 1222 2482 ‘mare
1238 2436 1314 2499 quae

36 2600 38 2607 q
141 2529 195 2608 (sc.
220 2524 304 2604 saxa)
332 2524 528 2607 impendent.‘
575 2524 640 2589 Nec
664 2525 850 2589 haerendum
874 2527 919 2589 est
944 2525 975 2588 in
1000 2525 1056 2590 bac
1079 2525 1313 2609 structura,**)

141 2649 211 2695 cum
235 2631 383 2715 expressis
407 2633 507 2697 verbis
532 2632 693 2697 Diomedes
717 2654 747 2716 p.
773 2636 836 2700 305
862 2653 928 2698 eam
952 2636 1067 2717 probet.
1126 2635 1224 2712 Quare
1248 2633 1314 2697 sine

142 2756 234 2802 causa
258 2739 415 2803 Bentleius
439 2741 558 2804 Terent.
586 2741 708 2806 Pborm.
736 2743 814 2817 180,
852 2741 902 2804 ubi
927 2741 1012 2818 libri,
1046 2742 1226 2822 quibuscum
1251 2743 1315 2804 Do·

141 2850 230 2913 natus
247 2833 424 2924 consentit,
465 2849 607 2913 exhibent
642 2849 696 2911 ‘ita
725 2866 805 2911 nunc
833 2847 1005 2929 inparatum
1035 2849 1137 2912 subito
1170 2849 1312 2911 tentate

140 2955 316 3038 impendent
339 2955 429 3019 mala’
454 2955 594 3029 ollcndit3
618 2955 766 3038 reperitur
783 2954 876 3019 etiam
893 2958 1019 3036 quartus
1036 2975 1124 3019 casus
1150 2955 1228 3036 apud
1252 2955 1312 3019 Lu-

139 3063 244 3128 cilium
268 3083 313 3130 ra.
338 3063 380 3127 98
405 3066 449 3127 ‘ut
472 3082 550 3144 quae
573 3081 620 3127 res
644 3081 693 3126 me
717 3063 890 3145 impendeat
914 3064 1041 3146 agatur!

228 3170 386 3254 ingredi
411 3172 504 3247 1,.82
529 3171 678 3253 ‘viamque
702 3170 863 3255 indugredi
888 3170 1030 3235 sceleris!
1078 3172 1115 3247 V,
1141 3171 1181 3237 55
1215 3170 1311 3234 ‘cuius

138 3296 194 3362 ego
227 3277 383 3360 ingressus
418 3279 569 3363 vestigia?
616 3280 720 3344 Cicero
749 3281 827 3343 banc
850 3298 965 3353 rocem,
995 3279 1310 3361 praeterquamquod

138 3385 214 3449 item
238 3386 402 3451 transitive
426 3391 567 3470 usurpat,
596 3399 668 3452 cum·
690 3386 912 3470 praepositione
936 3387 1113 3468 plerumque
1136 3385 1309 3470 coniungit.

138 3493 177 3557 ol.
203 3493 359 3578 Auguslin
383 3512 412 3575 p.
440 3493 490 3560 16.

226 3601 337 3666 inire
366 3601 527 3667 Lucretius
560 3621 677 3686 semper
707 3602 868 3667 transitive
899 3604 1039 3684 usurpat:
1069 3603 1099 3678 I,
1133 3602 1174 3666 82
1206 3600 1310 3683 ‘impia

137 3706 265 3772 rationis
288 3707 367 3772 inire
386 3708 555 3775 elementa!
601 3712 631 3786 Ι,
657 3711 720 3777 638
753 3708 820 3774 ‘init
847 3709 981 3791 proelia]
1028 3709 1089 3784 ΙΙΙ,
1123 3709 1187 3773 679
1220 3707 1310 3771 ‘vitae

135 3832 204 3878 cum
221 3814 314 3879 limen
331 3815 464 3880 inimus!
494 3818 550 3894 ΙΙΙ,
576 3819 641 3884 982
658 3825 722 3881 ‘nec
739 3817 848 3900 Tityon
866 3819 1000 3882 volueres
1018 3816 1142 3882 ineunt)
1177 3818 1226 3893 ΙΙΙ,
1245 3821 1307 3884 338

135 3929 195 3985 ‘aer
219 3924 283 4002 ater
306 3922 364 3987 init
387 3924 509 3988 oculos?

137 4085 238 4093 —m-—o-

205 4175 232 4240 1)
253 4177 283 4226 cl.
304 4191 369 4240 quse
388 4177 569 4227 Lachmannus
588 4178 621 4227 ad
640 4178 722 4227 locum
742 4177 880 4241 adnotavit,
901 4193 989 4229 comm.
1010 4197 1033 4244 p.
1054 4181 1114 4231 206.

182 4259 231 4328 ea)
251 4266 281 4314 cf,
301 4281 378 4330 supra
396 4281 416 4315 s.
436 4283 458 4314 v.
479 4267 588 4317 incidere
608 4274 634 4317 et
653 4267 811 4318 Lachmanni
830 4270 888 4318 adn.
908 4270 940 4319 sd
960 4269 1011 4326 VI,
1031 4270 1091 4320 489.

1091 4377 1125 4426 3*
