2910 4756
605 252 858 364 ,4-

182 498 367 564 Sehubertus
383 499 433 580 (de
449 497 581 563 Lucretii
605 496 971 574 16116161616116611666,
996 496 1085 562 Halis
1101 496 1209 579 1865),
1234 493 1356 560 Pollius

180 605 231 684 (de
244 605 317 671 61116
330 604 483 671 vocabulis
497 604 680 687 quibusdum
691 604 890 681 16616116616,
904 604 1042 671 Dresden
1058 604 1166 688 1866),
1180 602 1357 668 8166616166

181 716 230 798 (de
264 732 402 779 sermone
433 713 630 791 Lucretiano,
667 713 763 779 Jenae
797 713 913 794 1869),
949 711 1110 776 Kuebnius
1146 709 1357 795 (quaestiones

181 821 377 886 Lucretianae
390 820 610 906 grammaticae
619 820 811 897 etmetrieue‚
825 819 1024 886 116116161166
1037 818 1146 902 1869),
1159 818 1355 884 86116616166

180 928 242 1007 (die
260 927 541 993 Condicionulsatue
565 927 616 992 des
633 928 775 992 Dichters
799 928 927 1004 Lucem,
951 927 1054 994 Wesel
1073 886 1186 1006 isan),
1210 925 1354 994 Wollbus

181 1037 230 1119 (de
254 1036 389 1101 Lucretii
421 1035 577 1101 vocabulis
606 1035 834 1120 singularibus,
864 1034 962 1100 Halae
994 1034 1105 1112 1878);
1146 1034 1200 1099 sed
1230 1035 1355 1099 tantum

181 1145 281 1220 abest,
315 1146 350 1209 ut
381 1143 442 1207 iam
476 1143 579 1207 omnia
602 1161 679 1226 quae
702 1143 741 1208 ud
764 1143 844 1206 1666
872 1144 992 1225 poetam
1020 1141 1175 1224 pertinent
1204 1141 1295 1224 plana
1323 1143 1358 1206 et

179 1250 617 1334 611616161616116116666161,
650 1250 801 1316 61611661
833 1251 925 1332 atque
955 1249 1048 1314 etiam
1078 1249 1229 1314 exsistant
1256 1266 1355 1314 66166

180 1359 380 1444 quaestiones,
405 1377 595 1441 magnusque
610 1359 716 1441 pateat
730 1357 840 1423 studiis
856 1355 1069 1442 grammaticis
1086 1374 1223 1438 6616666.
1256 1355 1304 1421 Ae
1315 1374 1357 1420 ne

178 1470 248 1549 post
271 1465 408 1550 syntaxis
433 1465 556 1548 quidem
579 1466 766 1530 lineamenta
789 1465 988 1530 Lucretianae
1018 1465 1056 1528 ab
1086 1464 1209 1528 Holtzio
1232 1461 1359 1547 Lipsiae

182 1575 266 1639 1868
290 1574 412 1658 prodita
436 1573 627 1656 singularum
650 1592 750 1638 rerum
774 1573 806 1637 16
830 1591 968 1637 sermone
990 1570 1171 1636 Lucretiano
1195 1569 1357 1636 obviatum

180 1684 320 1746 66661616
343 1681 545 1766 perscrutatio
570 1699 793 1764 supervacanea
817 1681 938 1746 uidetur
961 1698 1039 1757 6666,
1062 1698 1133 1744 6616
1161 1678 1222 1743 6116
1250 1677 1358 1744 161666

180 1792 260 1853 16616
284 1789 421 1873 61666116
444 1791 475 1854 61
497 1791 654 1872 perspecta
678 1789 750 1867 sint,
774 1788 917 1853 6116666
942 1787 1017 1852 66116
1041 1788 1134 1851 effuse
1151 1786 1359 1870 61616661661

179 1896 259 1961 iusto
283 1897 384 1980 inagis
408 1897 542 1961 coartata
564 1897 736 1962 rideantur.
776 1895 876 1974 Quare
899 1891 1111 1963 1616116166
1135 1907 1200 1962 6611
1225 1904 1357 1977 mept-

179 2000 334 2074 altloulbna
357 2004 583 2086 6666666166
608 2002 686 2087 apuu
705 2002 868 2073 1661111616
893 2015 948 2070 usu
967 2001 1112 2066 disserere
1133 2000 1164 2065 in
1181 1999 1359 2078 66166661,

180 2129 276 2194 neque
300 2131 408 2177 vereor
432 2112 626 2177 6616161616
657 2111 797 2175 inutilem
822 2113 850 2174 et
879 2127 1136 2192 supervacaneum
1160 2105 1358 2189 susceperim.

179 2221 259 2285 Nam
289 2239 359 2284 6616
383 2219 459 2284 66116
492 2221 611 2284 6666161
634 2219 725 2283 verba
747 2217 917 2299 composita
940 2217 1034 2281 161116
1058 2215 1246 2299 temporibus
1271 2214 1357 2280 16116

180 2327 419 2410 ascriptoribus
443 2327 609 2404 Romanis,
634 2327 723 2392 modo
747 2325 880 2409 simplici
902 2344 993 2402 6666,
1017 2323 1106 2389 modo
1129 2321 1356 2406 praepositione

179 2435 300 2511 1161616,
324 2438 472 2518 66616616
495 2453 570 2511 6666,
595 2453 724 2516 cumque
747 2432 1010 2514 equaestionibus
1035 2430 1071 2496 de
1096 2430 1249 2495 66666116
1273 2430 1354 2511 apud

179 2542 255 2606 ulios
294 2541 357 2605 iam
399 2540 562 2624 scriptores
597 2539 780 2622 institutis*)
816 2539 948 2605 dilucide
987 2540 1132 2623 appareat
1167 2535 1355 2620 antiquiores

179 2648 338 2730 scriptores
361 2647 614 2731 praepositionem
639 2648 687 2711 uel
712 2646 840 2712 eandem
866 2647 914 2711 vel
938 2647 1071 2711 similem
1095 2644 1354 2728 16661616661616,

179 2774 248 2819 6616
273 2755 299 2817 61
326 2754 378 2835 qui
402 2755 621 2838 imperatorum
645 2755 834 2838 temporibus
858 2754 1048 2838 scripserunt
1071 2753 1186 2818 nudum
1210 2751 1350 2819 datiuum

178 2861 385 2943 praetulerint,
410 2862 491 2927 band
507 2862 664 2945 ingratum
680 2863 797 2928 uidetur
812 2861 992 2945 perquirere,
1019 2860 1167 2943 quomodo
1182 2860 1354 2935 Lucretius,

178 2968 205 3032 is
230 2968 282 3051 qui
306 2971 370 3037 tam
393 2969 583 3054 singularem
606 2970 705 3035 locum
731 2970 763 3033 16
787 2969 900 3052 litteris
916 2969 1062 3036 Romanis
1087 2967 1215 3044 obtinet,
1240 2967 1298 3031 hee
1322 2965 1354 3030 in

178 3094 210 3139 re
232 3076 370 3140 uersatus
395 3075 446 3140 611.
549 3156 551 3160 ¹

268 3164 328 3230 Sed
356 3166 520 3247 antequam
549 3165 588 3230 ad
612 3185 676 3231 1616
700 3165 798 3250 166616
823 3167 979 3244 66661616,
1015 3164 1119 3249 666616
1142 3165 1292 3250 616116616
1315 3163 1354 3228 li·

178 3274 263 3350 ceat,
302 3271 434 3356 primum
469 3291 528 3355 quo
556 3273 659 3338 ordine
689 3293 806 3357 qnoque
837 3275 926 3340 modo
956 3273 1048 3339 rerba
1076 3272 1264 3357 disponenda
1286 3289 1353 3337 esse

248 3470 275 3536 1)
296 3472 325 3521 el.
364 3472 520 3523 Hildebrand
541 3474 571 3523 de
591 3474 671 3523 verbis
691 3488 757 3539 quae
776 3474 845 3539 apud
864 3473 1009 3524 Ciceronem
1022 3472 1156 3522 Caesarem
1176 3473 1276 3521 Livium
1295 3486 1353 3520 cum

169 3563 404 3625 praepositionibus
422 3567 447 3611 ‘a
459 3562 490 3611 de
504 3563 542 3612 ex'
556 3566 752 3629 conjunguntur,
772 3579 853 3630 progr.
867 3580 997 3630 progymn.
1014 3561 1158 3612 Dortmund
1173 3559 1251 3610 1868.
1272 3558 1350 3610 lena.

146 3708 153 3727 ἱ
177 3650 310 3699 Lehmann
329 3651 360 3699 de
380 3652 511 3700 vorborum
532 3654 724 3717 compositorum
746 3667 811 3718 quae
830 3653 898 3718 apud
917 3651 1066 3702 Sallustium
1086 3649 1221 3700 Gaesarem
1234 3650 1352 3699 Tacitum

176 3725 298 3806 leguntur
316 3756 372 3790 cum
392 3741 476 3791 dativo
496 3748 624 3792 structure
643 3744 832 3800 commentatio,
851 3742 1020 3792 Vnctislaviae
1046 3739 1124 3792 1863.
1163 3740 1293 3806 Augustin
1319 3737 1351 3787 de

176 3844 225 3878 usu
244 3830 322 3879 dativi
340 3845 371 3879 ae
389 3832 601 3895 praepositionum
619 3832 646 3880 16
664 3838 793 3898 structura
814 3832 946 3882 verborum
970 3832 1165 3895 compositorum
1190 3843 1255 3894 qnae
1281 3827 1351 3891 apud

97 3973 103 3986 ⁸
177 3919 321 3969 Ciceronem
346 3921 479 3985 leguntur,
509 3919 923 3987 Progr.gymn.Ratibor1869.
955 3921 1070 3988 Ignatius
1089 3920 1120 3969 de
1138 3919 1270 3968 verborum
1290 3931 1349 3965 enm

139 4061 145 4071 ,
176 4011 401 4073 praepositionibus
425 4011 616 4074 compositorum
645 4010 714 4075 apud
737 4009 879 4072 Cornelium
904 4011 1028 4075 Nepotem
1052 4010 1080 4058 T.
1107 4009 1208 4058 Livium
1234 4006 1349 4057 curtium

176 4097 272 4147 Rufum
292 4113 348 4147 cum
369 4099 452 4148 dativo
472 4105 609 4158 structura,
629 4099 704 4149 Halis
725 4097 801 4150 1877.
833 4099 912 4148 Halm
932 4100 963 4149 de
982 4101 1115 4150 uerborum
1135 4113 1192 4149 eum
1205 4097 1352 4163 praepositi·

177 4188 265 4236 onibus
294 4189 488 4253 compositorum
512 4188 580 4253 apud
607 4184 705 4240 1616166
728 4188 899 4238 Romanorum
926 4195 1014 4253 poetas
1040 4190 1168 4239 scaenicos
1188 4203 1245 4238 cnm
1268 4186 1352 4236 dativo

104 4268 108 4275 ’
176 4284 312 4336 structura,
332 4278 405 4328 Halis
426 4276 502 4331 1878.
