2910 4756
652 261 827 322 -8„..

153 458 392 525 substantivum
448 457 535 536 Quod
567 455 729 521 discrimen
766 456 871 533 nobis,
913 475 982 520 eum
1018 455 1055 520 do
1083 457 1241 521 vorborum
1271 475 1327 521 usu

154 586 296 654 agemus,
320 585 381 632 non
406 565 623 651 negligendum
647 564 713 631 crit.

244 674 388 739 Accusat
365 677 447 738 tirus
472 673 610 754 denique,
636 672 687 755 qui
712 689 746 735 er
769 673 817 736 t
818 689 836 735 a
860 690 914 735 sua
938 671 1037 736 indole
1062 671 1108 736 val
1123 672 1244 757 proprie
1261 692 1327 737 uer-

156 781 289 860 bali‚t
254 784 289 846 ut
312 781 489 852 itadicam
514 800 553 844 na
554 782 624 844 ura
647 778 766 863 praedi
768 799 803 842 us
753 778 878 855 tait,
904 777 1033 843 etiam'
1025 799 1056 843 ru
1085 778 1193 865 lingua
1215 780 1284 846 La
1261 783 1328 844 rna

156 887 310 973 proprium
334 887 417 953 verbi
442 887 687 970 supplementum
711 890 766 950 ast.
815 887 920 968 Neque
942 905 1011 952 vero
1036 886 1155 951 dativus
1179 889 1210 952 et
1238 907 1327 952 accu-

155 995 272 1061 sativus
296 997 359 1061 tam
385 995 475 1060 certis
498 997 622 1077 tamquo
646 994 776 1059 definitis
801 994 912 1058 finibus
936 993 1073 1058 distincti
1097 996 1185 1072 sunt,
1209 997 1327 1059 utnon

156 1103 305 1168 transitus
329 1105 387 1167 hue
411 1103 485 1168 illuc
508 1103 571 1167 ficri
594 1103 706 1186 possit,
731 1102 874 1184 quoniam
905 1121 964 1167 non
993 1103 1097 1167 solum
1122 1103 1201 1186 apud
1230 1103 1328 1168 varios

158 1211 319 1293 scriptores
350 1205 513 1293 utrumque
546 1229 649 1274 casum
673 1209 844 1292 promiscue
875 1212 1055 1292 usurpatum
1084 1209 1237 1288 videmus,
1274 1211 1327 1275 sed

157 1319 249 1383 etiam
275 1319 355 1382 idern
379 1320 484 1383 auctor
507 1317 596 1383 modo
619 1318 685 1394 hoc,
710 1317 800 1382 rnodo
825 1317 878 1381 illo
903 1335 976 1381 casu
1000 1316 1129 1401 uersum)
1153 1318 1235 1382 nulio
1267 1319 1328 1382 fere
1377 1392 1380 1398 ,

156 1425 400 1490 discriminet
353 1446 385 1489 m
387 1426 568 1491 tercodente.
617 1425 716 1503 Quare
741 1424 777 1489 de
802 1425 947 1507 cuiusque
972 1424 1054 1489 vorbi
1077 1424 1156 1507 apud
1180 1444 1329 1508 quomque

155 1535 333 1617 scriptorem
357 1552 414 1596 usu
438 1533 643 1615 quaerendum
667 1534 722 1597 ost.
699 1531 823 1597 tSed
848 1532 923 1596 haee
947 1532 1133 1608 hactenus,
1125 1552 1186 1596 ram
1203 1533 1241 1597 ad
1265 1552 1328 1598 rem

157 1643 257 1725 ipsam
281 1640 422 1706 accedere
444 1639 560 1704 licebit.
931 1648 934 1655 '

227 1838 254 1904 *)
274 1841 304 1890 cf.
325 1841 457 1889 Hermann
476 1838 584 1889 Mueller
603 1839 634 1888 de
653 1840 786 1906 generibus
806 1840 882 1898 verbi,
902 1839 1078 1904 Gryphisvald.
1093 1837 1169 1888 ,1864
1181 1855 1205 1902 p.
1220 1838 1262 1888 38.
1287 1842 1330 1904 qui

156 1929 204 1978 hac
232 1944 258 1978 re
278 1936 416 1980 commotus
439 1930 571 1979 verborum
590 1929 659 1978 illam
678 1930 704 1977 in
722 1930 855 1978 transitiva
874 1934 900 1977 et
918 1930 1077 1978 intransitiva
1096 1929 1295 1978 distributionem
1315 1945 1330 1978 a

156 2018 282 2068 veteribus
307 2019 477 2084 grammaticis
502 2019 604 2076 factam,
630 2020 729 2067 omnino
754 2019 849 2068 reiecit.
886 2018 952 2067 Vide
979 2019 1056 2067 etiam
1082 2033 1146 2083 quae
1171 2019 1219 2067 hac
1248 2018 1278 2066 do
1303 2031 1329 2066 re

157 2108 296 2173 disputarit
315 2107 401 2158 Haase
419 2108 596 2174 Vorlosungen
615 2123 638 2172 p.
660 2105 694 2158 95
715 2113 740 2157 et
760 2103 811 2159 157
830 2124 883 2173 sqq.
