<?xml version="1.0" encoding="UTF-8"?>
<!DOCTYPE html PUBLIC "-//W3C//DTD XHTML 1.0 Transitional//EN"
    "http://www.w3.org/TR/xhtml1/DTD/xhtml1-transitional.dtd">
<html xmlns="http://www.w3.org/1999/xhtml" xml:lang="en" lang="en">
 <head>
  <title>
</title>
<meta http-equiv="Content-Type" content="text/html;charset=utf-8" />
  <meta name='ocr-system' content='tesseract 3.04.00' />
  <meta name='ocr-capabilities' content='ocr_page ocr_carea ocr_par ocr_line ocrx_word'/>
</head>
<body>
  <div class='ocr_page' id='page_1' title='image "./deverborumcumpr00kellgoog_0029.png"; bbox 0 0 2910 4756; ppageno 0'>
   <div class='ocr_carea' id='block_1_1' title="bbox 622 308 826 407">
    <p class='ocr_par' dir='ltr' id='par_1_1' title="bbox 622 308 826 407">
     <span class='ocr_line' id='line_1_1' title="bbox 622 308 826 407; baseline 0 -55"><span class='ocrx_word' id='word_1_1' title='bbox 622 308 826 407; x_wconf 73' lang='lat'>..24-</span> 
     </span>
    </p>
   </div>
   <div class='ocr_carea' id='block_1_2' title="bbox 136 607 1316 1120">
    <p class='ocr_par' dir='ltr' id='par_1_2' title="bbox 136 607 1316 1120">
     <span class='ocr_line' id='line_1_2' title="bbox 136 607 1314 685; baseline 0.003 -13"><span class='ocrx_word' id='word_1_2' title='bbox 136 610 255 674; x_wconf 89' lang='lat' dir='ltr'>horrere</span> <span class='ocrx_word' id='word_1_3' title='bbox 279 607 430 672; x_wconf 90' lang='lat' dir='ltr'>videretur</span> <span class='ocrx_word' id='word_1_4' title='bbox 453 609 602 673; x_wconf 90' lang='lat' dir='ltr'>Lambino</span> <span class='ocrx_word' id='word_1_5' title='bbox 626 629 644 672; x_wconf 94' lang='lat' dir='ltr'>a</span> <span class='ocrx_word' id='word_1_6' title='bbox 667 609 776 673; x_wconf 88' lang='lat' dir='ltr'>Latino</span> <span class='ocrx_word' id='word_1_7' title='bbox 800 627 948 685; x_wconf 90' lang='lat' dir='ltr'>sermone,</span> <span class='ocrx_word' id='word_1_8' title='bbox 973 608 1105 673; x_wconf 89' lang='lat' dir='ltr'>mutavit</span> <span class='ocrx_word' id='word_1_9' title='bbox 1128 609 1180 673; x_wconf 90' lang='lat' dir='ltr'>ille</span> <span class='ocrx_word' id='word_1_10' title='bbox 1203 610 1234 674; x_wconf 95' lang='lat' dir='ltr'>in</span> <span class='ocrx_word' id='word_1_11' title='bbox 1253 618 1314 675; x_wconf 83' lang='lat' dir='ltr'>‘ac-</span> 
     </span>
     <span class='ocr_line' id='line_1_3' title="bbox 137 715 1315 799; baseline 0.002 -20"><span class='ocrx_word' id='word_1_12' title='bbox 137 715 230 779; x_wconf 78' lang='lat' dir='ltr'>cidit&#39;</span> <span class='ocrx_word' id='word_1_13' title='bbox 279 715 336 779; x_wconf 78' lang='lat' dir='ltr'>Oui</span> <span class='ocrx_word' id='word_1_14' title='bbox 359 717 572 780; x_wconf 84' lang='lat' dir='ltr'>Lachmannus</span> <span class='ocrx_word' id='word_1_15' title='bbox 601 717 630 779; x_wconf 89' lang='lat' dir='ltr'>in</span> <span class='ocrx_word' id='word_1_16' title='bbox 656 716 872 781; x_wconf 86' lang='lat' dir='ltr'>commentario</span> <span class='ocrx_word' id='word_1_17' title='bbox 896 737 926 799; x_wconf 90' lang='lat' dir='ltr'>p.</span> <span class='ocrx_word' id='word_1_18' title='bbox 946 719 1008 782; x_wconf 81' lang='lat'>242</span> <span class='ocrx_word' id='word_1_19' title='bbox 1027 716 1247 797; x_wconf 89' lang='lat' dir='ltr'>quodammodo</span> <span class='ocrx_word' id='word_1_20' title='bbox 1264 737 1315 781; x_wconf 90' lang='lat' dir='ltr'>as-</span> 
     </span>
     <span class='ocr_line' id='line_1_4' title="bbox 139 822 1316 904; baseline 0.002 -18"><span class='ocrx_word' id='word_1_21' title='bbox 139 822 287 898; x_wconf 78' lang='lat' dir='ltr'>sentitur,</span> <span class='ocrx_word' id='word_1_22' title='bbox 327 840 510 904; x_wconf 91' lang='lat' dir='ltr'>quamquam</span> <span class='ocrx_word' id='word_1_23' title='bbox 546 823 577 885; x_wconf 91' lang='lat' dir='ltr'>in</span> <span class='ocrx_word' id='word_1_24' title='bbox 610 825 695 887; x_wconf 84' lang='lat' dir='ltr'>textu</span> <span class='ocrx_word' id='word_1_25' title='bbox 718 823 864 887; x_wconf 78' lang='lat' dir='ltr'><strong>traditam</strong></span> <span class='ocrx_word' id='word_1_26' title='bbox 889 822 1016 886; x_wconf 90' lang='lat' dir='ltr'>retinuit</span> <span class='ocrx_word' id='word_1_27' title='bbox 1040 823 1212 889; x_wconf 87' lang='lat' dir='ltr'>lectionem.</span> <span class='ocrx_word' id='word_1_28' title='bbox 1273 826 1316 888; x_wconf 83' lang='lat' dir='ltr'>nt</span> 
     </span>
     <span class='ocr_line' id='line_1_5' title="bbox 136 929 1314 1011; baseline 0.002 -18"><span class='ocrx_word' id='word_1_29' title='bbox 136 931 215 994; x_wconf 81' lang='lat' dir='ltr'>recte</span> <span class='ocrx_word' id='word_1_30' title='bbox 250 929 372 1011; x_wconf 88' lang='lat' dir='ltr'>quidem</span> <span class='ocrx_word' id='word_1_31' title='bbox 409 929 496 993; x_wconf 93' lang='lat' dir='ltr'>illum</span> <span class='ocrx_word' id='word_1_32' title='bbox 533 929 640 994; x_wconf 88' lang='lat' dir='ltr'>secisse</span> <span class='ocrx_word' id='word_1_33' title='bbox 664 929 738 993; x_wconf 91' lang='lat' dir='ltr'>mihi</span> <span class='ocrx_word' id='word_1_34' title='bbox 761 929 907 1011; x_wconf 76' lang='lat' dir='ltr'><strong>persuasi.</strong></span> <span class='ocrx_word' id='word_1_35' title='bbox 970 929 1107 993; x_wconf 87' lang='lat' dir='ltr'>Primum</span> <span class='ocrx_word' id='word_1_36' title='bbox 1132 930 1210 993; x_wconf 88' lang='lat' dir='ltr'>enirn</span> <span class='ocrx_word' id='word_1_37' title='bbox 1235 931 1314 995; x_wconf 92' lang='lat' dir='ltr'>ratio</span> 
     </span>
     <span class='ocr_line' id='line_1_6' title="bbox 138 1035 1315 1120; baseline 0.003 -22"><span class='ocrx_word' id='word_1_38' title='bbox 138 1035 185 1098; x_wconf 94' lang='lat' dir='ltr'>vel</span> <span class='ocrx_word' id='word_1_39' title='bbox 217 1035 341 1113; x_wconf 87' lang='lat' dir='ltr'>relatio,</span> <span class='ocrx_word' id='word_1_40' title='bbox 381 1055 459 1119; x_wconf 90' lang='lat' dir='ltr'>quae</span> <span class='ocrx_word' id='word_1_41' title='bbox 489 1037 579 1101; x_wconf 85' lang='lat' dir='ltr'>verbo</span> <span class='ocrx_word' id='word_1_42' title='bbox 612 1038 663 1100; x_wconf 85' lang='lat' dir='ltr'>‘in’</span> <span class='ocrx_word' id='word_1_43' title='bbox 687 1037 906 1120; x_wconf 78' lang='lat' dir='ltr'>praepositione</span> <span class='ocrx_word' id='word_1_44' title='bbox 931 1036 1090 1111; x_wconf 89' lang='lat' dir='ltr'>tribuitur,</span> <span class='ocrx_word' id='word_1_45' title='bbox 1130 1056 1190 1101; x_wconf 94' lang='lat' dir='ltr'>non</span> <span class='ocrx_word' id='word_1_46' title='bbox 1214 1038 1315 1120; x_wconf 80' lang='lat' dir='ltr'>magis</span> 
     </span>
    </p>
   </div>
   <div class='ocr_carea' id='block_1_3' title="bbox 42 1143 1316 1227">
    <p class='ocr_par' dir='ltr' id='par_1_3' title="bbox 42 1143 1316 1227">
     <span class='ocr_line' id='line_1_7' title="bbox 42 1143 1316 1227; baseline 0.003 -22"><span class='ocrx_word' id='word_1_47' title='bbox 42 1198 75 1219; x_wconf 21' lang='lat' dir='ltr'>,r</span> <span class='ocrx_word' id='word_1_48' title='bbox 135 1143 282 1226; x_wconf 88' lang='lat' dir='ltr'>impedit,</span> <span class='ocrx_word' id='word_1_49' title='bbox 321 1145 483 1225; x_wconf 91' lang='lat' dir='ltr'>quominus</span> <span class='ocrx_word' id='word_1_50' title='bbox 517 1144 573 1208; x_wconf 88' lang='lat' dir='ltr'>boe</span> <span class='ocrx_word' id='word_1_51' title='bbox 595 1146 721 1210; x_wconf 84' lang='lat' dir='ltr'>verbum</span> <span class='ocrx_word' id='word_1_52' title='bbox 745 1144 905 1209; x_wconf 77' lang='lat' dir='ltr'>transitive</span> <span class='ocrx_word' id='word_1_53' title='bbox 930 1145 1009 1224; x_wconf 90' lang='lat' dir='ltr'>quod</span> <span class='ocrx_word' id='word_1_54' title='bbox 1034 1143 1162 1209; x_wconf 82' lang='lat' dir='ltr'>dicimus</span> <span class='ocrx_word' id='word_1_55' title='bbox 1188 1162 1316 1227; x_wconf 90' lang='lat' dir='ltr'>usurpe-</span> 
     </span>
    </p>
   </div>
   <div class='ocr_carea' id='block_1_4' title="bbox 134 1250 1320 4118">
    <p class='ocr_par' dir='ltr' id='par_1_4' title="bbox 136 1250 1317 2404">
     <span class='ocr_line' id='line_1_8' title="bbox 136 1250 1313 1333; baseline 0 -19"><span class='ocrx_word' id='word_1_56' title='bbox 136 1252 201 1325; x_wconf 87' lang='lat' dir='ltr'>tur,</span> <span class='ocrx_word' id='word_1_57' title='bbox 241 1269 331 1332; x_wconf 86' lang='lat' dir='ltr'>quam</span> <span class='ocrx_word' id='word_1_58' title='bbox 363 1270 397 1315; x_wconf 91' lang='lat' dir='ltr'>ea</span> <span class='ocrx_word' id='word_1_59' title='bbox 426 1251 520 1327; x_wconf 89' lang='lat' dir='ltr'>ratio,</span> <span class='ocrx_word' id='word_1_60' title='bbox 560 1252 650 1333; x_wconf 90' lang='lat' dir='ltr'>quam</span> <span class='ocrx_word' id='word_1_61' title='bbox 680 1254 806 1317; x_wconf 91' lang='lat' dir='ltr'>verbum</span> <span class='ocrx_word' id='word_1_62' title='bbox 835 1250 893 1315; x_wconf 84' lang='lat' dir='ltr'>‘ad’</span> <span class='ocrx_word' id='word_1_63' title='bbox 923 1252 1141 1333; x_wconf 83' lang='lat' dir='ltr'>praepositione</span> <span class='ocrx_word' id='word_1_64' title='bbox 1165 1252 1313 1316; x_wconf 87' lang='lat' dir='ltr'>assumit:</span> 
     </span>
     <span class='ocr_line' id='line_1_9' title="bbox 141 1356 1315 1439; baseline 0.001 -17"><span class='ocrx_word' id='word_1_65' title='bbox 141 1377 232 1439; x_wconf 87' lang='lat' dir='ltr'>quare</span> <span class='ocrx_word' id='word_1_66' title='bbox 262 1358 289 1421; x_wconf 88' lang='lat' dir='ltr'>si</span> <span class='ocrx_word' id='word_1_67' title='bbox 319 1356 470 1422; x_wconf 79' lang='lat' dir='ltr'>‘accidere&#39;</span> <span class='ocrx_word' id='word_1_68' title='bbox 501 1359 539 1435; x_wconf 93' lang='lat' dir='ltr'>V,</span> <span class='ocrx_word' id='word_1_69' title='bbox 570 1360 633 1423; x_wconf 81' lang='lat'>607</span> <span class='ocrx_word' id='word_1_70' title='bbox 659 1359 724 1423; x_wconf 86' lang='lat' dir='ltr'>sine</span> <span class='ocrx_word' id='word_1_71' title='bbox 747 1360 808 1423; x_wconf 93' lang='lat' dir='ltr'>ulla</span> <span class='ocrx_word' id='word_1_72' title='bbox 832 1358 1023 1423; x_wconf 84' lang='lat' dir='ltr'>dubitatione</span> <span class='ocrx_word' id='word_1_73' title='bbox 1047 1377 1115 1422; x_wconf 89' lang='lat' dir='ltr'>curn</span> <span class='ocrx_word' id='word_1_74' title='bbox 1140 1360 1315 1423; x_wconf 86' lang='lat' dir='ltr'>accusativo</span> 
     </span>
     <span class='ocr_line' id='line_1_10' title="bbox 136 1465 1316 1548; baseline 0 -19"><span class='ocrx_word' id='word_1_75' title='bbox 136 1466 342 1529; x_wconf 87' lang='lat' dir='ltr'>constructum</span> <span class='ocrx_word' id='word_1_76' title='bbox 374 1483 439 1529; x_wconf 90' lang='lat' dir='ltr'>esse</span> <span class='ocrx_word' id='word_1_77' title='bbox 468 1467 716 1548; x_wconf 84' lang='lat' dir='ltr'>comprobamus,</span> <span class='ocrx_word' id='word_1_78' title='bbox 757 1466 829 1548; x_wconf 90' lang='lat' dir='ltr'>quid</span> <span class='ocrx_word' id='word_1_79' title='bbox 853 1468 976 1542; x_wconf 76' lang='lat' dir='ltr'>obstat,</span> <span class='ocrx_word' id='word_1_80' title='bbox 1012 1467 1172 1548; x_wconf 87' lang='lat' dir='ltr'>quominus</span> <span class='ocrx_word' id='word_1_81' title='bbox 1196 1466 1233 1530; x_wconf 93' lang='lat' dir='ltr'>de</span> <span class='ocrx_word' id='word_1_82' title='bbox 1255 1465 1316 1529; x_wconf 91' lang='lat' dir='ltr'>boc</span> 
     </span>
     <span class='ocr_line' id='line_1_11' title="bbox 138 1572 1317 1638; baseline -0.001 -1"><span class='ocrx_word' id='word_1_83' title='bbox 138 1573 228 1637; x_wconf 84' lang='lat' dir='ltr'>verbo</span> <span class='ocrx_word' id='word_1_84' title='bbox 252 1572 332 1636; x_wconf 90' lang='lat' dir='ltr'>idem</span> <span class='ocrx_word' id='word_1_85' title='bbox 356 1572 549 1637; x_wconf 76' lang='lat' dir='ltr'>iudicemus?</span> <span class='ocrx_word' id='word_1_86' title='bbox 603 1573 689 1638; x_wconf 79' lang='lat' dir='ltr'>Certe</span> <span class='ocrx_word' id='word_1_87' title='bbox 713 1574 925 1637; x_wconf 87' lang='lat' dir='ltr'>Lachmannus</span> <span class='ocrx_word' id='word_1_88' title='bbox 949 1573 1133 1637; x_wconf 88' lang='lat' dir='ltr'>testimoniis</span> <span class='ocrx_word' id='word_1_89' title='bbox 1157 1573 1317 1636; x_wconf 88' lang='lat' dir='ltr'>confirmat</span> 
     </span>
     <span class='ocr_line' id='line_1_12' title="bbox 140 1679 1317 1762; baseline -0.001 -19"><span class='ocrx_word' id='word_1_90' title='bbox 140 1679 203 1743; x_wconf 91' lang='lat' dir='ltr'>alia</span> <span class='ocrx_word' id='word_1_91' title='bbox 234 1680 324 1743; x_wconf 86' lang='lat' dir='ltr'>verba</span> <span class='ocrx_word' id='word_1_92' title='bbox 354 1697 423 1742; x_wconf 87' lang='lat' dir='ltr'>curn</span> <span class='ocrx_word' id='word_1_93' title='bbox 456 1679 508 1743; x_wconf 82' lang='lat' dir='ltr'>‘in’</span> <span class='ocrx_word' id='word_1_94' title='bbox 533 1679 760 1762; x_wconf 86' lang='lat' dir='ltr'>praepositione</span> <span class='ocrx_word' id='word_1_95' title='bbox 784 1680 951 1761; x_wconf 87' lang='lat' dir='ltr'>composita</span> <span class='ocrx_word' id='word_1_96' title='bbox 976 1679 1080 1744; x_wconf 89' lang='lat' dir='ltr'>eadem</span> <span class='ocrx_word' id='word_1_97' title='bbox 1105 1679 1220 1743; x_wconf 92' lang='lat' dir='ltr'>ratione</span> <span class='ocrx_word' id='word_1_98' title='bbox 1244 1699 1317 1742; x_wconf 91' lang='lat' dir='ltr'>con-</span> 
     </span>
     <span class='ocr_line' id='line_1_13' title="bbox 138 1785 1317 1870; baseline -0.002 -18"><span class='ocrx_word' id='word_1_99' title='bbox 138 1789 260 1852; x_wconf 83' lang='lat' dir='ltr'>structa</span> <span class='ocrx_word' id='word_1_100' title='bbox 295 1785 425 1850; x_wconf 83' lang='lat' dir='ltr'>inveniri</span> <span class='ocrx_word' id='word_1_101' title='bbox 461 1787 555 1869; x_wconf 89' lang='lat' dir='ltr'>(apud</span> <span class='ocrx_word' id='word_1_102' title='bbox 587 1789 726 1850; x_wconf 90' lang='lat' dir='ltr'>nostrum</span> <span class='ocrx_word' id='word_1_103' title='bbox 762 1788 793 1863; x_wconf 92' lang='lat' dir='ltr'>l,</span> <span class='ocrx_word' id='word_1_104' title='bbox 829 1788 893 1853; x_wconf 76' lang='lat'>326</span> <span class='ocrx_word' id='word_1_105' title='bbox 919 1795 1010 1851; x_wconf 78' lang='lat' dir='ltr'>‘mare</span> <span class='ocrx_word' id='word_1_106' title='bbox 1034 1805 1111 1868; x_wconf 92' lang='lat' dir='ltr'>quae</span> <span class='ocrx_word' id='word_1_107' title='bbox 1133 1786 1317 1870; x_wconf 85' lang='lat' dir='ltr'>impendent‘</span> 
     </span>
     <span class='ocr_line' id='line_1_14' title="bbox 142 1892 1317 1976; baseline -0.003 -17"><span class='ocrx_word' id='word_1_108' title='bbox 142 1895 179 1959; x_wconf 90' lang='lat' dir='ltr'>de</span> <span class='ocrx_word' id='word_1_109' title='bbox 204 1911 262 1975; x_wconf 90' lang='lat' dir='ltr'>quo</span> <span class='ocrx_word' id='word_1_110' title='bbox 293 1894 360 1958; x_wconf 87' lang='lat' dir='ltr'>ride</span> <span class='ocrx_word' id='word_1_111' title='bbox 384 1893 511 1960; x_wconf 86' lang='lat' dir='ltr'>Laebm.</span> <span class='ocrx_word' id='word_1_112' title='bbox 541 1912 650 1956; x_wconf 90' lang='lat' dir='ltr'>comm.</span> <span class='ocrx_word' id='word_1_113' title='bbox 680 1915 710 1976; x_wconf 89' lang='lat' dir='ltr'>p.</span> <span class='ocrx_word' id='word_1_114' title='bbox 740 1894 827 1971; x_wconf 80' lang='lat'><strong>374).</strong></span> <span class='ocrx_word' id='word_1_115' title='bbox 880 1893 1008 1958; x_wconf 87' lang='lat' dir='ltr'>Accedit</span> <span class='ocrx_word' id='word_1_116' title='bbox 1049 1892 1128 1976; x_wconf 90' lang='lat' dir='ltr'>quod</span> <span class='ocrx_word' id='word_1_117' title='bbox 1152 1893 1317 1975; x_wconf 88' lang='lat' dir='ltr'>Apuleium</span> 
     </span>
     <span class='ocr_line' id='line_1_15' title="bbox 139 1998 1314 2082; baseline 0.001 -19"><span class='ocrx_word' id='word_1_118' title='bbox 139 1998 362 2082; x_wconf 83' lang='lat' dir='ltr'>praepositione</span> <span class='ocrx_word' id='word_1_119' title='bbox 393 1999 537 2082; x_wconf 86' lang='lat' dir='ltr'>omissa*)</span> <span class='ocrx_word' id='word_1_120' title='bbox 567 2001 611 2063; x_wconf 89' lang='lat' dir='ltr'>ita</span> <span class='ocrx_word' id='word_1_121' title='bbox 643 2000 756 2065; x_wconf 86' lang='lat' dir='ltr'>dixisse</span> <span class='ocrx_word' id='word_1_122' title='bbox 787 2001 916 2075; x_wconf 86' lang='lat' dir='ltr'>constat,</span> <span class='ocrx_word' id='word_1_123' title='bbox 946 2003 976 2064; x_wconf 88' lang='lat' dir='ltr'>et</span> <span class='ocrx_word' id='word_1_124' title='bbox 998 2000 1035 2064; x_wconf 90' lang='lat' dir='ltr'>de</span> <span class='ocrx_word' id='word_1_125' title='bbox 1059 2000 1200 2064; x_wconf 86' lang='lat' dir='ltr'>Terentio</span> <span class='ocrx_word' id='word_1_126' title='bbox 1231 1998 1314 2064; x_wconf 90' lang='lat' dir='ltr'>idern</span> 
     </span>
     <span class='ocr_line' id='line_1_16' title="bbox 139 2106 1316 2189; baseline -0.001 -18"><span class='ocrx_word' id='word_1_127' title='bbox 139 2108 271 2172; x_wconf 89' lang='lat' dir='ltr'>testatur</span> <span class='ocrx_word' id='word_1_128' title='bbox 287 2106 467 2171; x_wconf 80' lang='lat' dir='ltr'>scholiastes</span> <span class='ocrx_word' id='word_1_129' title='bbox 484 2108 522 2172; x_wconf 91' lang='lat' dir='ltr'>ad</span> <span class='ocrx_word' id='word_1_130' title='bbox 545 2108 638 2171; x_wconf 84' lang='lat' dir='ltr'>Theb.</span> <span class='ocrx_word' id='word_1_131' title='bbox 657 2108 743 2183; x_wconf 91' lang='lat' dir='ltr'>Vlll,</span> <span class='ocrx_word' id='word_1_132' title='bbox 770 2111 798 2183; x_wconf 95' lang='grc'>1,</span> <span class='ocrx_word' id='word_1_133' title='bbox 823 2125 1005 2189; x_wconf 89' lang='lat' dir='ltr'>quamquam</span> <span class='ocrx_word' id='word_1_134' title='bbox 1019 2125 1054 2171; x_wconf 89' lang='lat' dir='ltr'>eo</span> <span class='ocrx_word' id='word_1_135' title='bbox 1070 2107 1145 2182; x_wconf 90' lang='lat' dir='ltr'>loco,</span> <span class='ocrx_word' id='word_1_136' title='bbox 1169 2107 1316 2188; x_wconf 83' lang='lat' dir='ltr'>adquam</span> 
     </span>
     <span class='ocr_line' id='line_1_17' title="bbox 138 2212 1316 2298; baseline -0.001 -20"><span class='ocrx_word' id='word_1_137' title='bbox 138 2214 190 2278; x_wconf 93' lang='lat' dir='ltr'>ille</span> <span class='ocrx_word' id='word_1_138' title='bbox 213 2213 332 2290; x_wconf 85' lang='lat' dir='ltr'>alludit,</span> <span class='ocrx_word' id='word_1_139' title='bbox 357 2214 479 2281; x_wconf 88' lang='lat' dir='ltr'>Phorm.</span> <span class='ocrx_word' id='word_1_140' title='bbox 508 2218 568 2280; x_wconf 85' lang='grc'>175</span> <span class='ocrx_word' id='word_1_141' title='bbox 594 2221 660 2298; x_wconf 85' lang='lat' dir='ltr'>‘ego</span> <span class='ocrx_word' id='word_1_142' title='bbox 685 2213 716 2276; x_wconf 90' lang='lat' dir='ltr'>in</span> <span class='ocrx_word' id='word_1_143' title='bbox 749 2232 817 2278; x_wconf 92' lang='lat' dir='ltr'>eum</span> <span class='ocrx_word' id='word_1_144' title='bbox 848 2212 943 2277; x_wconf 90' lang='lat' dir='ltr'>incidi</span> <span class='ocrx_word' id='word_1_145' title='bbox 971 2213 1076 2278; x_wconf 82' lang='lat' dir='ltr'>infelix</span> <span class='ocrx_word' id='word_1_146' title='bbox 1104 2213 1212 2279; x_wconf 89' lang='lat' dir='ltr'>locum’</span> <span class='ocrx_word' id='word_1_147' title='bbox 1242 2213 1316 2278; x_wconf 91' lang='lat' dir='ltr'>libri</span> 
     </span>
     <span class='ocr_line' id='line_1_18' title="bbox 140 2320 901 2404; baseline 0.004 -20"><span class='ocrx_word' id='word_1_148' title='bbox 140 2320 339 2404; x_wconf 89' lang='lat' dir='ltr'>manuscripti</span> <span class='ocrx_word' id='word_1_149' title='bbox 362 2340 467 2387; x_wconf 91' lang='lat' dir='ltr'>omncs</span> <span class='ocrx_word' id='word_1_150' title='bbox 490 2320 742 2403; x_wconf 89' lang='lat' dir='ltr'>praepositionem</span> <span class='ocrx_word' id='word_1_151' title='bbox 767 2323 901 2387; x_wconf 87' lang='lat' dir='ltr'>tuentur.</span> 
     </span>
    </p>

    <p class='ocr_par' dir='ltr' id='par_1_5' title="bbox 134 2427 1316 2921">
     <span class='ocr_line' id='line_1_19' title="bbox 230 2427 1315 2511; baseline 0.002 -21"><span class='ocrx_word' id='word_1_152' title='bbox 230 2427 455 2493; x_wconf 86' lang='lat' dir='ltr'>incumbere</span> <span class='ocrx_word' id='word_1_153' title='bbox 471 2447 541 2494; x_wconf 91' lang='lat' dir='ltr'>curn</span> <span class='ocrx_word' id='word_1_154' title='bbox 554 2427 797 2511; x_wconf 87' lang='lat' dir='ltr'>praepositione:</span> <span class='ocrx_word' id='word_1_155' title='bbox 821 2430 858 2504; x_wconf 91' lang='lat' dir='ltr'>V,</span> <span class='ocrx_word' id='word_1_156' title='bbox 874 2428 958 2492; x_wconf 83' lang='lat'>1095</span> <span class='ocrx_word' id='word_1_157' title='bbox 972 2427 1012 2492; x_wconf 84' lang='lat' dir='ltr'>‘in</span> <span class='ocrx_word' id='word_1_158' title='bbox 1025 2447 1124 2492; x_wconf 89' lang='lat' dir='ltr'>ramos</span> <span class='ocrx_word' id='word_1_159' title='bbox 1136 2428 1315 2493; x_wconf 90' lang='lat' dir='ltr'>incumbens</span> 
     </span>
     <span class='ocr_line' id='line_1_20' title="bbox 139 2533 1315 2616; baseline -0.003 -16"><span class='ocrx_word' id='word_1_160' title='bbox 139 2534 254 2600; x_wconf 89' lang='lat' dir='ltr'>arboris</span> <span class='ocrx_word' id='word_1_161' title='bbox 279 2535 386 2599; x_wconf 90' lang='lat' dir='ltr'>arbor.’</span> <span class='ocrx_word' id='word_1_162' title='bbox 432 2533 508 2598; x_wconf 79' lang='lat' dir='ltr'>Cum</span> <span class='ocrx_word' id='word_1_163' title='bbox 539 2534 658 2600; x_wconf 90' lang='lat' dir='ltr'>dativo:</span> <span class='ocrx_word' id='word_1_164' title='bbox 689 2536 740 2611; x_wconf 93' lang='lat' dir='ltr'>Vl,</span> <span class='ocrx_word' id='word_1_165' title='bbox 769 2535 849 2601; x_wconf 88' lang='grc'>1141</span> <span class='ocrx_word' id='word_1_166' title='bbox 884 2535 1032 2599; x_wconf 84' lang='lat' dir='ltr'>‘incubuit</span> <span class='ocrx_word' id='word_1_167' title='bbox 1059 2534 1315 2616; x_wconf 89' lang='lat' dir='ltr'>tandempopulo</span> 
     </span>
     <span class='ocr_line' id='line_1_21' title="bbox 134 2625 1279 2707; baseline -0.001 -3"><span class='ocrx_word' id='word_1_168' title='bbox 134 2633 302 2706; x_wconf 67' lang='lat' dir='ltr'>⁴Pandionis</span> <span class='ocrx_word' id='word_1_169' title='bbox 327 2640 430 2707; x_wconf 67' lang='lat' dir='ltr'>omni!</span> <span class='ocrx_word' id='word_1_170' title='bbox 1274 2625 1279 2634; x_wconf 70' lang='grc'><strong>’</strong></span> 
     </span>
     <span class='ocr_line' id='line_1_22' title="bbox 228 2746 1316 2825; baseline 0 -14"><span class='ocrx_word' id='word_1_171' title='bbox 228 2749 434 2814; x_wconf 86' lang='grc'>1111111111</span> <span class='ocrx_word' id='word_1_172' title='bbox 466 2750 491 2825; x_wconf 89' lang='grc' dir='ltr'>Ι,</span> <span class='ocrx_word' id='word_1_173' title='bbox 516 2749 578 2816; x_wconf 85' lang='grc'>281</span> <span class='ocrx_word' id='word_1_174' title='bbox 614 2748 754 2813; x_wconf 84' lang='lat' dir='ltr'>‘molibus</span> <span class='ocrx_word' id='word_1_175' title='bbox 788 2747 918 2812; x_wconf 87' lang='lat' dir='ltr'>incurrit</span> <span class='ocrx_word' id='word_1_176' title='bbox 956 2748 1066 2813; x_wconf 88' lang='lat' dir='ltr'>validis</span> <span class='ocrx_word' id='word_1_177' title='bbox 1096 2767 1165 2812; x_wconf 88' lang='lat' dir='ltr'>cum</span> <span class='ocrx_word' id='word_1_178' title='bbox 1196 2746 1316 2813; x_wconf 85' lang='lat' dir='ltr'>viribus</span> 
     </span>
     <span class='ocr_line' id='line_1_23' title="bbox 140 2856 1179 2921; baseline -0.009 -1"><span class='ocrx_word' id='word_1_179' title='bbox 140 2856 257 2921; x_wconf 66' lang='lat' dir='ltr'>amnis!</span> <span class='ocrx_word' id='word_1_180' title='bbox 700 2911 702 2915; x_wconf 85' lang='lat'>.</span> <span class='ocrx_word' id='word_1_181' title='bbox 1175 2878 1179 2882; x_wconf 50' lang='grc'><strong><em>&gt;</em></strong></span> 
     </span>
    </p>

    <p class='ocr_par' dir='ltr' id='par_1_6' title="bbox 141 2960 1317 3579">
     <span class='ocr_line' id='line_1_24' title="bbox 229 2960 1317 3046; baseline -0.001 -20"><span class='ocrx_word' id='word_1_182' title='bbox 229 2963 390 3028; x_wconf 91' lang='lat' dir='ltr'>induere</span> <span class='ocrx_word' id='word_1_183' title='bbox 403 2983 463 3029; x_wconf 91' lang='lat' dir='ltr'>uno</span> <span class='ocrx_word' id='word_1_184' title='bbox 475 2966 541 3028; x_wconf 91' lang='lat' dir='ltr'>loco</span> <span class='ocrx_word' id='word_1_185' title='bbox 554 2963 607 3027; x_wconf 93' lang='lat' dir='ltr'>ubi</span> <span class='ocrx_word' id='word_1_186' title='bbox 620 2961 699 3045; x_wconf 90' lang='lat' dir='ltr'>apud</span> <span class='ocrx_word' id='word_1_187' title='bbox 708 2963 887 3027; x_wconf 87' lang='lat' dir='ltr'>Lucretium</span> <span class='ocrx_word' id='word_1_188' title='bbox 896 2963 1007 3046; x_wconf 85' lang='lat' dir='ltr'>legitur</span> <span class='ocrx_word' id='word_1_189' title='bbox 1017 2980 1086 3026; x_wconf 90' lang='lat' dir='ltr'>cum</span> <span class='ocrx_word' id='word_1_190' title='bbox 1095 2960 1317 3043; x_wconf 92' lang='lat' dir='ltr'>praepositione</span> 
     </span>
     <span class='ocr_line' id='line_1_25' title="bbox 141 3067 1315 3156; baseline -0.003 -22"><span class='ocrx_word' id='word_1_191' title='bbox 141 3070 354 3156; x_wconf 85' lang='lat' dir='ltr'>coniungitur:</span> <span class='ocrx_word' id='word_1_192' title='bbox 378 3072 429 3147; x_wconf 94' lang='lat' dir='ltr'>lV,</span> <span class='ocrx_word' id='word_1_193' title='bbox 455 3071 519 3135; x_wconf 85' lang='grc'>814</span> <span class='ocrx_word' id='word_1_194' title='bbox 544 3078 608 3135; x_wconf 88' lang='lat' dir='ltr'>‘nos</span> <span class='ocrx_word' id='word_1_195' title='bbox 633 3070 665 3133; x_wconf 91' lang='lat' dir='ltr'>in</span> <span class='ocrx_word' id='word_1_196' title='bbox 687 3069 823 3134; x_wconf 76' lang='lat' dir='ltr'>fraudem</span> <span class='ocrx_word' id='word_1_197' title='bbox 840 3069 995 3134; x_wconf 90' lang='lat' dir='ltr'>induimus</span> <span class='ocrx_word' id='word_1_198' title='bbox 1012 3068 1218 3133; x_wconf 80' lang='lat' dir='ltr'>frustraminis</span> <span class='ocrx_word' id='word_1_199' title='bbox 1235 3067 1315 3150; x_wconf 63' lang='lat' dir='ltr'>ipsi)</span> 
     </span>
     <span class='ocr_line' id='line_1_26' title="bbox 141 3175 1317 3253; baseline -0.003 -12"><span class='ocrx_word' id='word_1_200' title='bbox 141 3178 222 3241; x_wconf 90' lang='lat' dir='ltr'>Nam</span> <span class='ocrx_word' id='word_1_201' title='bbox 260 3179 300 3253; x_wconf 92' lang='lat' dir='ltr'>Il,</span> <span class='ocrx_word' id='word_1_202' title='bbox 336 3178 399 3244; x_wconf 87' lang='grc'>734</span> <span class='ocrx_word' id='word_1_203' title='bbox 435 3197 495 3239; x_wconf 93' lang='lat' dir='ltr'>non</span> <span class='ocrx_word' id='word_1_204' title='bbox 527 3178 608 3240; x_wconf 87' lang='lat' dir='ltr'>recte</span> <span class='ocrx_word' id='word_1_205' title='bbox 631 3176 798 3240; x_wconf 85' lang='lat' dir='ltr'>Lambinus</span> <span class='ocrx_word' id='word_1_206' title='bbox 827 3178 905 3239; x_wconf 88' lang='lat' dir='ltr'>hanc</span> <span class='ocrx_word' id='word_1_207' title='bbox 929 3194 1032 3241; x_wconf 87' lang='lat' dir='ltr'>vocem</span> <span class='ocrx_word' id='word_1_208' title='bbox 1058 3175 1206 3252; x_wconf 88' lang='lat' dir='ltr'>restituit,</span> <span class='ocrx_word' id='word_1_209' title='bbox 1245 3193 1317 3239; x_wconf 88' lang='lat' dir='ltr'>cum</span> 
     </span>
     <span class='ocr_line' id='line_1_27' title="bbox 141 3281 1316 3365; baseline -0.003 -16"><span class='ocrx_word' id='word_1_210' title='bbox 141 3302 262 3349; x_wconf 86' lang='lat' dir='ltr'>versum</span> <span class='ocrx_word' id='word_1_211' title='bbox 295 3283 339 3346; x_wconf 87' lang='lat' dir='ltr'>sie</span> <span class='ocrx_word' id='word_1_212' title='bbox 369 3283 610 3365; x_wconf 82' lang='lat' dir='ltr'>progredientem</span> <span class='ocrx_word' id='word_1_213' title='bbox 641 3284 787 3348; x_wconf 88' lang='lat' dir='ltr'>efficeret:</span> <span class='ocrx_word' id='word_1_214' title='bbox 825 3291 911 3364; x_wconf 86' lang='lat' dir='ltr'>‘quae</span> <span class='ocrx_word' id='word_1_215' title='bbox 941 3287 1014 3346; x_wconf 88' lang='lat' dir='ltr'>sunt</span> <span class='ocrx_word' id='word_1_216' title='bbox 1036 3282 1143 3346; x_wconf 90' lang='lat' dir='ltr'>induta</span> <span class='ocrx_word' id='word_1_217' title='bbox 1165 3281 1316 3347; x_wconf 71' lang='lat' dir='ltr'>colorem!</span> 
     </span>
     <span class='ocr_line' id='line_1_28' title="bbox 141 3389 1316 3475; baseline -0.003 -19"><span class='ocrx_word' id='word_1_218' title='bbox 141 3392 244 3475; x_wconf 84' lang='lat' dir='ltr'>Magis</span> <span class='ocrx_word' id='word_1_219' title='bbox 266 3392 365 3473; x_wconf 90' lang='lat' dir='ltr'>placet</span> <span class='ocrx_word' id='word_1_220' title='bbox 381 3389 460 3472; x_wconf 90' lang='lat' dir='ltr'>quod</span> <span class='ocrx_word' id='word_1_221' title='bbox 477 3391 692 3455; x_wconf 89' lang='lat' dir='ltr'>Lachmannus</span> <span class='ocrx_word' id='word_1_222' title='bbox 716 3390 853 3473; x_wconf 84' lang='lat' dir='ltr'>scripsit:</span> <span class='ocrx_word' id='word_1_223' title='bbox 881 3397 950 3472; x_wconf 85' lang='lat' dir='ltr'>‘quo</span> <span class='ocrx_word' id='word_1_224' title='bbox 974 3392 1046 3455; x_wconf 88' lang='lat' dir='ltr'>sunt</span> <span class='ocrx_word' id='word_1_225' title='bbox 1062 3389 1180 3454; x_wconf 89' lang='lat' dir='ltr'>imbuta</span> <span class='ocrx_word' id='word_1_226' title='bbox 1196 3389 1316 3454; x_wconf 63' lang='lat' dir='ltr'>colore!</span> 
     </span>
     <span class='ocr_line' id='line_1_29' title="bbox 142 3497 878 3579; baseline -0.003 -17"><span class='ocrx_word' id='word_1_227' title='bbox 142 3498 267 3564; x_wconf 81' lang='lat' dir='ltr'>Codices</span> <span class='ocrx_word' id='word_1_228' title='bbox 290 3498 404 3561; x_wconf 89' lang='lat' dir='ltr'>babent</span> <span class='ocrx_word' id='word_1_229' title='bbox 426 3505 495 3579; x_wconf 86' lang='lat' dir='ltr'>‘quo</span> <span class='ocrx_word' id='word_1_230' title='bbox 520 3501 591 3562; x_wconf 90' lang='lat' dir='ltr'>sunt</span> <span class='ocrx_word' id='word_1_231' title='bbox 614 3497 735 3561; x_wconf 91' lang='lat' dir='ltr'>imbuta</span> <span class='ocrx_word' id='word_1_232' title='bbox 757 3498 878 3562; x_wconf 90' lang='lat' dir='ltr'>colose.’</span> 
     </span>
    </p>

    <p class='ocr_par' dir='ltr' id='par_1_7' title="bbox 141 3603 1320 4118">
     <span class='ocr_line' id='line_1_30' title="bbox 231 3603 1318 3689; baseline -0.002 -21"><span class='ocrx_word' id='word_1_233' title='bbox 231 3604 356 3669; x_wconf 88' lang='lat' dir='ltr'>inesse</span> <span class='ocrx_word' id='word_1_234' title='bbox 384 3607 430 3668; x_wconf 90' lang='lat' dir='ltr'>ter</span> <span class='ocrx_word' id='word_1_235' title='bbox 461 3624 528 3669; x_wconf 92' lang='lat' dir='ltr'>curn</span> <span class='ocrx_word' id='word_1_236' title='bbox 565 3605 789 3688; x_wconf 89' lang='lat' dir='ltr'>praepositione</span> <span class='ocrx_word' id='word_1_237' title='bbox 821 3605 974 3689; x_wconf 84' lang='lat' dir='ltr'>iungitur:</span> <span class='ocrx_word' id='word_1_238' title='bbox 1008 3606 1033 3680; x_wconf 90' lang='lat' dir='ltr'>I,</span> <span class='ocrx_word' id='word_1_239' title='bbox 1068 3604 1130 3667; x_wconf 81' lang='lat'>173</span> <span class='ocrx_word' id='word_1_240' title='bbox 1160 3604 1200 3668; x_wconf 77' lang='lat' dir='ltr'>‘in</span> <span class='ocrx_word' id='word_1_241' title='bbox 1227 3603 1318 3667; x_wconf 91' lang='lat' dir='ltr'>rebus</span> 
     </span>
     <span class='ocr_line' id='line_1_31' title="bbox 141 3709 1318 3795; baseline -0.003 -18"><span class='ocrx_word' id='word_1_242' title='bbox 141 3713 221 3777; x_wconf 88' lang='lat' dir='ltr'>inest</span> <span class='ocrx_word' id='word_1_243' title='bbox 244 3715 358 3777; x_wconf 88' lang='lat' dir='ltr'>secreta</span> <span class='ocrx_word' id='word_1_244' title='bbox 381 3711 529 3777; x_wconf 67' lang='lat' dir='ltr'>facultas!</span> <span class='ocrx_word' id='word_1_245' title='bbox 575 3713 631 3790; x_wconf 94' lang='lat' dir='ltr'>lll,</span> <span class='ocrx_word' id='word_1_246' title='bbox 661 3712 724 3779; x_wconf 88' lang='grc'>384</span> <span class='ocrx_word' id='word_1_247' title='bbox 749 3719 815 3785; x_wconf 85' lang='lat' dir='ltr'>‘nee</span> <span class='ocrx_word' id='word_1_248' title='bbox 838 3728 925 3775; x_wconf 90' lang='lat' dir='ltr'>cruor</span> <span class='ocrx_word' id='word_1_249' title='bbox 948 3709 979 3774; x_wconf 95' lang='lat' dir='ltr'>in</span> <span class='ocrx_word' id='word_1_250' title='bbox 1003 3709 1097 3794; x_wconf 83' lang='lat' dir='ltr'>lignis</span> <span class='ocrx_word' id='word_1_251' title='bbox 1122 3729 1220 3795; x_wconf 89' lang='lat' dir='ltr'>neque</span> <span class='ocrx_word' id='word_1_252' title='bbox 1235 3710 1318 3774; x_wconf 83' lang='lat' dir='ltr'>saxis</span> 
     </span>
     <span class='ocr_line' id='line_1_32' title="bbox 142 3817 1319 3901; baseline -0.006 -16"><span class='ocrx_word' id='word_1_253' title='bbox 142 3838 230 3885; x_wconf 89' lang='lat' dir='ltr'>sucus</span> <span class='ocrx_word' id='word_1_254' title='bbox 246 3819 363 3897; x_wconf 90' lang='lat' dir='ltr'>inesse,&#39;</span> <span class='ocrx_word' id='word_1_255' title='bbox 382 3819 460 3901; x_wconf 89' lang='lat' dir='ltr'>quod</span> <span class='ocrx_word' id='word_1_256' title='bbox 477 3817 589 3882; x_wconf 89' lang='lat' dir='ltr'>eisdem</span> <span class='ocrx_word' id='word_1_257' title='bbox 607 3818 707 3882; x_wconf 83' lang='lat' dir='ltr'>verbis</span> <span class='ocrx_word' id='word_1_258' title='bbox 728 3818 875 3900; x_wconf 88' lang='lat' dir='ltr'>repetitur</span> <span class='ocrx_word' id='word_1_259' title='bbox 894 3819 929 3895; x_wconf 93' lang='lat' dir='ltr'>V,</span> <span class='ocrx_word' id='word_1_260' title='bbox 950 3819 1022 3886; x_wconf 86' lang='grc'>130.</span> <span class='ocrx_word' id='word_1_261' title='bbox 1058 3819 1092 3893; x_wconf 92' lang='lat' dir='ltr'>V,</span> <span class='ocrx_word' id='word_1_262' title='bbox 1109 3819 1174 3884; x_wconf 80' lang='lat'>542</span> <span class='ocrx_word' id='word_1_263' title='bbox 1192 3827 1257 3879; x_wconf 75' lang='lat' dir='ltr'>‘nec</span> <span class='ocrx_word' id='word_1_264' title='bbox 1272 3851 1319 3864; x_wconf 76' lang='lat'><em>-</em></span> 
     </span>
     <span class='ocr_line' id='line_1_33' title="bbox 142 3922 1320 4009; baseline -0.003 -18"><span class='ocrx_word' id='word_1_265' title='bbox 142 3929 173 3991; x_wconf 94' lang='lat' dir='ltr'>in</span> <span class='ocrx_word' id='word_1_266' title='bbox 205 3927 333 4009; x_wconf 89' lang='lat' dir='ltr'>pedibus</span> <span class='ocrx_word' id='word_1_267' title='bbox 362 3926 479 4008; x_wconf 92' lang='lat' dir='ltr'>pondus</span> <span class='ocrx_word' id='word_1_268' title='bbox 511 3925 661 3990; x_wconf 88' lang='lat' dir='ltr'>sentimus</span> <span class='ocrx_word' id='word_1_269' title='bbox 689 3926 808 3992; x_wconf 77' lang='lat' dir='ltr'>inesse,&#39;</span> <span class='ocrx_word' id='word_1_270' title='bbox 847 3923 947 3989; x_wconf 77' lang='lat' dir='ltr'>Ceteri</span> <span class='ocrx_word' id='word_1_271' title='bbox 976 3927 1079 3989; x_wconf 89' lang='lat' dir='ltr'>autem</span> <span class='ocrx_word' id='word_1_272' title='bbox 1094 3924 1163 4000; x_wconf 88' lang='lat' dir='ltr'>loci,</span> <span class='ocrx_word' id='word_1_273' title='bbox 1189 3922 1241 3987; x_wconf 93' lang='lat' dir='ltr'>ubi</span> <span class='ocrx_word' id='word_1_274' title='bbox 1262 3923 1320 3988; x_wconf 91' lang='lat' dir='ltr'>boc</span> 
     </span>
     <span class='ocr_line' id='line_1_34' title="bbox 142 4031 1316 4118; baseline -0.003 -20"><span class='ocrx_word' id='word_1_275' title='bbox 142 4034 265 4098; x_wconf 85' lang='lat' dir='ltr'>verbum</span> <span class='ocrx_word' id='word_1_276' title='bbox 282 4035 373 4098; x_wconf 88' lang='lat' dir='ltr'>etiam</span> <span class='ocrx_word' id='word_1_277' title='bbox 391 4033 512 4118; x_wconf 86' lang='lat' dir='ltr'>legitur,</span> <span class='ocrx_word' id='word_1_278' title='bbox 538 4053 682 4118; x_wconf 86' lang='lat' dir='ltr'>magnam</span> <span class='ocrx_word' id='word_1_279' title='bbox 699 4037 822 4098; x_wconf 88' lang='lat' dir='ltr'>movent</span> <span class='ocrx_word' id='word_1_280' title='bbox 839 4031 1072 4099; x_wconf 87' lang='lat' dir='ltr'>dubitationem.</span> <span class='ocrx_word' id='word_1_281' title='bbox 1101 4032 1224 4098; x_wconf 82' lang='lat' dir='ltr'>Etenim</span> <span class='ocrx_word' id='word_1_282' title='bbox 1245 4049 1316 4096; x_wconf 91' lang='lat' dir='ltr'>curn</span> 
     </span>
    </p>
   </div>
   <div class='ocr_carea' id='block_1_5' title="bbox 145 4181 462 4188">
    <p class='ocr_par' dir='ltr' id='par_1_8' title="bbox 145 4181 462 4188">
     <span class='ocr_line' id='line_1_35' title="bbox 145 4181 462 4188; baseline -0.006 0"><span class='ocrx_word' id='word_1_283' title='bbox 145 4181 462 4188; x_wconf 67' lang='lat'><em>——-.-...——-—-—</em></span> 
     </span>
    </p>
   </div>
   <div class='ocr_carea' id='block_1_6' title="bbox 212 4247 888 4314">
    <p class='ocr_par' dir='ltr' id='par_1_9' title="bbox 212 4247 888 4314">
     <span class='ocr_line' id='line_1_36' title="bbox 212 4247 888 4314; baseline 0.001 -15"><span class='ocrx_word' id='word_1_284' title='bbox 212 4249 239 4314; x_wconf 61' lang='grc'>1)</span> <span class='ocrx_word' id='word_1_285' title='bbox 259 4252 289 4299; x_wconf 83' lang='grc'>11.</span> <span class='ocrx_word' id='word_1_286' title='bbox 309 4250 511 4300; x_wconf 82' lang='lat' dir='ltr'>Drakenborehii</span> <span class='ocrx_word' id='word_1_287' title='bbox 533 4251 566 4300; x_wconf 88' lang='lat' dir='ltr'>ad</span> <span class='ocrx_word' id='word_1_288' title='bbox 585 4250 639 4300; x_wconf 82' lang='lat' dir='ltr'>Liv.</span> <span class='ocrx_word' id='word_1_289' title='bbox 659 4248 694 4306; x_wconf 92' lang='lat' dir='ltr'>II,</span> <span class='ocrx_word' id='word_1_290' title='bbox 714 4248 757 4307; x_wconf 88' lang='lat'>30,</span> <span class='ocrx_word' id='word_1_291' title='bbox 778 4247 888 4300; x_wconf 69' lang='grc'>13111.</span> 
     </span>
    </p>
   </div>
   <div class='ocr_carea' id='block_1_7' title="bbox 0 0 1468 4756">
    <p class='ocr_par' dir='ltr' id='par_1_10' title="bbox 0 0 1468 4756">
     <span class='ocr_line' id='line_1_37' title="bbox 0 0 1468 4756; baseline 0 0"><span class='ocrx_word' id='word_1_292' title='bbox 0 0 1468 4756; x_wconf 95' lang='lat' dir='ltr'> </span> 
     </span>
    </p>
   </div>
  </div>
 </body>
</html>
